3254 4890
710 296 923 360 „20-

256 502 347 559 quern
370 480 465 542 ceteri
494 490 619 562 praeter
641 485 834 545 Hercherum
859 482 959 544 secuti
981 488 1061 542 sunt.
1107 481 1168 542 Sed
1189 482 1266 541 haec
1288 480 1391 541 verbu

254 605 311 662 per
333 605 367 645 se
389 587 488 663 magis
511 606 742 664 supervacanea
763 594 845 664 suut,
869 606 961 663 quam
983 591 1018 644 ut
1044 584 1222 645 coniectura
1250 582 1386 644 inferan-

255 696 315 765 tur,
338 695 431 765 etque
449 689 598 749 atradito
619 690 774 768 scriptura
796 689 874 750 satis
898 689 1073 749 abhorrent.
1116 678 1228 763 Itaque
1251 687 1313 746 alia
1335 685 1391 746 vie.

168 813 169 816 ¹
254 789 457 868 ingredienda
480 793 548 851 erit.

342 892 427 971 Opus
457 893 495 953 de
524 912 584 971 quo
617 893 721 971 agitur
751 895 901 970 quomodo
935 893 1113 955 institutum
1146 892 1248 965 fuerit,
1280 912 1388 968 quam--

256 1016 348 1072 quam
380 997 531 1056 breviter·
547 1002 650 1056 tamen
677 997 759 1057 clare
783 1004 815 1057 et
838 1004 944 1076 aperte
967 996 1084 1057 dictum
1107 1003 1163 1056 est.
1207 996 1284 1054 Erat
1307 1014 1391 1054 com--

255 1100 391 1178 plurium
405 1099 562 1177 librorum,
579 1120 707 1176 quorum
724 1103 816 1159 tertio
831 1100 903 1160 illae
920 1097 1060 1179 συνταγαὶ
1082 1092 1142 1158 dud
1165 1091 1248 1180 ζῴων
1271 1104 1387 1156 tracta-

256 1202 386 1277 bantur3
413 1201 496 1261 unde
525 1201 666 1278 sequitur
696 1206 808 1263 ceteris
836 1202 869 1261 in
897 1200 987 1261 libris
1010 1200 1071 1261 clia
1092 1199 1223 1261 infuisse
1245 1204 1264 1258 i.
1288 1220 1312 1259 e.
1336 1220 1388 1258 ur-

254 1313 434 1382 gumentum
468 1305 564 1364 totius
598 1305 701 1383 operis
734 1306 854 1368 varium
887 1303 993 1364 fuisse.
1045 1304 1158 1363 Totum
1190 1304 1291 1362 locum
1324 1301 1386 1360 iam

256 1406 382 1483 antiqua
416 1413 519 1467 aetate
552 1410 585 1466 in
619 1415 797 1473 contextum
825 1411 988 1485 irrepsisse
1018 1405 1186 1467 verisimile
1217 1414 1273 1484 est,
1303 1405 1390 1481 quod.

253 1518 385 1586 utroque
416 1509 448 1569 in
479 1510 584 1570 codice
611 1509 720 1571 eadem
742 1513 837 1571 verbe
858 1511 1012 1587 leguntur.
1056 1509 1167 1586 Itaque
1190 1508 1390 1585 vituperatus

255 1631 323 1672 esse
353 1610 479 1672 videtur
508 1614 642 1691 scriptor
672 1616 749 1673 satis
779 1613 939 1691 antiquus,
970 1611 1024 1688 qui
1052 1617 1124 1690 post
1153 1610 1386 1670 Artemidorum

250 1715 368 1774 floruit.
1136 1794 1139 1799 ⁴

338 1817 511 1895 Scriptores
528 1817 663 1878 Graecos
679 1825 898 1897 percensentes
917 1840 1012 1878 unum
1033 1818 1216 1894 invenimus,
1239 1817 1272 1875 in
1295 1835 1388 1891 quem

251 1920 348 1980 verba
385 1921 499 1998 optime
536 1921 707 1997 quadrant:
751 1921 1103 1981 Sextuvaulium
1140 1917 1388 1978 Africanum.

253 2022 387 2100 Scripsit
420 2018 542 2093 κεσιούς
553 2023 585 2101 1),
623 2026 677 2100 qui
714 2025 753 2083 ab
786 2024 922 2084 Eusebio
959 2023 991 2083 in
1028 2022 1126 2101 primo
1165 2022 1386 2081 Chronicorum

252 2123 367 2206 libr02)
401 2125 583 2204 πραγματεία
617 2124 757 2205 ἰατρικῶν
790 2124 840 2186 καὶ
875 2130 1014 2202 φυσικῶν
1047 2121 1096 2184 καὶ
1131 2125 1301 2204 γεωργικῶν
1334 2120 1384 2180 καὶ

252 2228 385 2304 χαμιιιῶν
422 2231 627 2288 nominentur.
683 2229 762 2289 Pars
800 2249 905 2289 eorum
942 2220 1124 2289 conseruata
1158 2233 1206 2287 est
1238 2227 1270 2283 in
1303 2225 1388 2285 libro

140 2412 142 2417 ι
251 2330 384 2406 quodem
415 2331 681 2408 aThevenotioss)
713 2332 806 2410 edito,
836 2331 1020 2411 Byzantinis
1047 2331 1170 2390 demum
1192 2328 1390 2405 temporibus

252 2433 418 2510 compilato
429 2434 469 2509 4);
492 2435 590 2495 multa
608 2441 732 2495 exstent
754 2434 787 2494 in
803 2434 1038 2513 Geoponicis⁵);
1062 2435 1162 2494 electa
1183 2431 1330 2507 leguntur
1351 2433 1383 2487 iu

251 2535 414 2596 irenaeus
447 2536 544 2596 rasni
576 2534 682 2597 sueno
717 2534 784 2616 περὶ
821 2532 1000 2615 παρατάξαι
1033 2522 1286 2622 ἀκουσμάτων).
1320 2540 1389 2602 ινιτ,

250 2639 382 2716 legimus
410 2660 436 2717 p.
465 2641 533 2718 145,
555 2658 597 2701 21:
627 2633 810 2720 τερατεύεται
838 2637 870 2699 δέ
891 2661 974 2710 τινας
998 2633 1141 2714 ὠφελείας
1163 2636 1223 2703 dico*
1246 2640 1384 2721 χελώνης,

251 2734 311 2801 <int
344 2737 483 2820 ἄρκτείου
513 2741 642 2815 αἰδοίου,
674 2740 703 2814 ἒξ
733 2736 829 2802 ἄλλων
851 2735 933 2826 ζῴων
955 2763 985 2801 τε
1009 2740 1058 2802 καὶ
1083 2747 1196 2823 θηρῶν.
1240 2746 1390 2807 Vidimus

249 2843 348 2922 igitur
367 2847 466 2923 partis
483 2844 644 2906 Gestorum
667 2852 883 2924 argumentum
906 2867 975 2906 cum
998 2854 1178 2927 argumento
1201 2851 1287 2910 tertii
1310 2850 1384 2910 libri

251 2948 408 3025 Anonymi
436 2933 527 3026 plane
557 2969 735 3025 congruere.
773 2949 828 3009 Sin
860 2958 962 3010 autem
993 2951 1176 3029 quaerimus,
1208 2972 1282 3011 num
1304 2954 1385 3013 veri-

251 3050 352 3110 simile
377 3050 418 3110 sit
440 3051 496 3111 has
519 3045 667 3132 σννταγᾶς
690 3047 752 3112 dud
776 3047 858 3135 ζῴων
880 3054 912 3112 in
935 3054 1027 3113 tertio
1051 3053 1214 3114 Gestorum
1236 3055 1315 3114 libro
1337 3054 1381 3112 in-

250 3151 356 3230 fuisse,
372 3152 629 3214 considerandum
645 3161 693 3216 est
707 3156 740 3214 id
756 3154 838 3232 quod
854 3155 892 3216 dc
909 3155 1111 3233 dispositione
1133 3157 1235 3234 operis
1258 3159 1381 3217 scimus.

252 3254 381 3315 Constat
416 3255 470 3315 illc
507 3252 652 3336 γεωργικά
689 3251 861 3334 παράδοξα,
907 3278 985 3335 quae
1022 3258 1054 3316 in
1090 3258 1265 3335 Byzantina
1300 3279 1381 3320 corn·

251 3347 400 3435 pilatione
415 3358 530 3437 insunt,
545 3368 633 3420 sexto
650 3369 681 3420 et
703 3361 834 3439 septimo
856 3362 937 3420 libro
961 3380 1027 3420 esse
1051 3367 1194 3420 enarrata
1208 3361 1239 3438 7).
1270 3362 1386 3439 Itaque

254 3480 271 3519 a
295 3461 426 3520 veritate
457 3483 519 3523 non
549 3464 683 3524 alienum
704 3465 828 3524 videtur
850 3463 1021 3523 Eusebium
1043 3470 1259 3541 argumentum
1282 3465 1386 3543 operis

253 3563 360 3622 ordine
390 3584 450 3639 quo
480 3566 658 3637 institutum
681 3572 747 3626 erat
771 3566 983 3645 descripsisse,
1005 3569 1051 3625 ita
1074 3575 1109 3627 ut
1133 3563 1250 3646 ἰατρικά
1274 3578 1304 3627 et
1327 3590 1387 3640 ‹pc-

340 3717 365 3781 1)
384 3714 440 3781 Qui
453 3715 487 3770 de
499 3714 552 3770 hoc
566 3732 646 3785 opere
664 3722 778 3785 egerunt
795 3733 889 3771 omnes
908 3716 1078 3770 enumeravit
1091 3717 1196 3784 Gelzm,
1208 3718 1356 3773 Africanus
1368 3716 1385 3770 1

254 3815 279 3868 p.
298 3800 323 3865 3,
342 3801 366 3853 4.

338 3884 364 3953 2)
381 3885 416 3939 ed
434 3903 499 3941 ann.
516 3887 585 3942 Abr.
603 3887 680 3943 2237.

338 3972 365 4038 3)
384 3971 498 4028 Veteres
516 3974 678 4029 Mathemat.
697 3974 804 4040 Graeci,
822 3974 885 4028 Par.
905 3973 980 4040 1693,
998 3991 1025 4044 p.
1043 3973 1094 4028 275
1112 3990 1152 4044 sq.

339 4057 365 4124 4)
383 4058 487 4119 (deber,
506 4076 533 4129 p.
553 4061 593 4114 13.
955 4061 981 4126 5)
996 4057 1063 4112 ibid.

339 4142 365 4210 6)
384 4142 428 4197 W.
441 4144 643 4213 Westermann,
656 4145 900 4215 Paradoxogrephi
914 4145 962 4201 Gr.
976 4162 1002 4215 p.
1019 4146 1067 4198 143
1086 4161 1143 4214 sq.;
1162 4144 1197 4198 cf.
1211 4140 1388 4201 Lambecius,

254 4226 408 4282 Comment.
426 4229 460 4283 de
477 4232 551 4301 Aug.
570 4230 641 4285 Bibl.
659 4232 780 4287 Vindob.
798 4232 868 4298 VII,
885 4249 913 4302 p.
931 4231 981 4285 222
1001 4248 1041 4301 sq.

340 4313 365 4381 7)
383 4312 411 4368 J.
430 4313 525 4369 Brivin
543 4317 572 4369 in
589 4317 662 4371 notis
681 4316 716 4371 ed
734 4319 838 4383 Cestos,
855 4317 996 4371 Thevenot
1014 4334 1040 4386 p.
1059 4316 1124 4381 357;
1143 4314 1250 4380 deber,
1268 4330 1295 4383 p.
1308 4313 1350 4366 13.
