3254 4890
716 270 1004 363 -23-‘

260 506 387 567 prorsus
402 487 470 545 loco
486 489 627 547 movisse.
663 486 743 547 Nam
758 487 791 545 in
813 487 906 547 huius
928 487 1077 565 temporis
1100 486 1200 547 titulis
1222 489 1394 548 sanationis

260 589 475 656 incubantium
498 589 617 648 nullum
639 589 807 667 vestigium
829 592 1005 650 invenimus
1015 590 1034 639 1²
1046 589 1080 671 2).
1336 669 1339 675 ,

347 691 438 751 Nunc
461 698 509 751 est
532 691 759 770 inquirendum,
782 713 842 769 quo
865 693 899 751 in
920 712 1034 770 genere
1057 696 1244 752 somniorum
1266 695 1395 770 antiqua

263 788 372 868 ἰάματα
398 793 579 871 Aesculapii
609 795 801 854 numeranda
831 795 902 855 sint.
947 795 986 854 In
1014 797 1054 855 iis
1084 795 1211 855 somniis
1241 816 1319 872 quae
1353 796 1393 855 ad

257 895 368 956 ⁴futura
390 901 542 974 spectant,
571 903 607 955 ut
629 889 751 974 ὄνειρος,
783 891 891 975 ὅραμα,
913 891 1122 975 χρηματισμός,
1149 905 1232 958 certe
1255 918 1316 957 non
1338 897 1392 957 ha-

262 1000 330 1059 beri
363 1007 508 1077 possunt3
540 1019 611 1059 nam
643 1000 677 1058 id
711 1000 793 1076 quod
826 1000 980 1061 incubans
1012 998 1100 1076 vidit,
1134 1020 1254 1082 semper
1285 999 1393 1060 eodem

262 1107 400 1179 tempore
431 1100 573 1162 efficitur.
618 1101 697 1163 Nam
727 1102 760 1161 id
789 1102 872 1180 quod
893 1102 1110 1164 Artemidorus
1134 1103 1262 1181 exponit
1283 1104 1300 1162 I
1323 1101 1392 1184 2³):

264 1199 301 1263 οὐ
325 1198 380 1284 γάρ
410 1225 482 1264 ποτε
511 1203 574 1282 ἐρεῖ
600 1226 644 1274 τις
667 1197 708 1274 ὥς
730 1199 767 1263 οὐ
790 1197 863 1281 μετα
885 1200 939 1284 τήν
961 1199 1154 1285 darnumdo
1177 1201 1335 1282 ἀποβαίνει
1357 1199 1394 1265 τοὶ

261 1308 385 1366 τοιαῦτα
415 1301 481 1366 οὐδ’
509 1302 610 1386 ὀλίγον
641 1306 837 1383 διαλείποντα,
868 1302 928 1386 ἤδη
958 1305 990 1369 δὲ
1021 1304 1121 1369 αὐτῶν
1151 1306 1215 1368 ἔνια
1237 1301 1299 1385 ἅμα
1324 1303 1394 1386 νοή-

263 1431 332 1485 ματι
349 1401 390 1478 οἷς
412 1406 505 1468 εἰπεῖν
527 1407 570 1468 ἔτι
591 1411 644 1485 τῆς
666 1404 768 1485 ὅψεως
788 1406 970 1489 κατεχούσης
991 1415 1173 1489 περαιοῦται,
1195 1411 1395 1472 manifestum

263 1519 312 1572 est
337 1512 624 1575 mathematicorum
645 1515 679 1571 in
700 1533 815 1573 morem
838 1515 1048 1592 excogitatum
1071 1534 1147 1590 esse,
1171 1518 1224 1592 qui
1247 1512 1393 1575 differen-

264 1618 339 1674 tiam
372 1614 471 1702 magis
507 1619 668 1693 magisque
698 1620 847 1677 minutam
877 1617 917 1677 ad
946 1618 1077 1677 nihilum
1106 1616 1244 1677 recidere
1274 1616 1395 1678 docent.

264 1717 333 1777 Hoc
354 1737 424 1777 raro
447 1716 515 1777 fieri
534 1718 751 1779 Artemidorus
773 1719 841 1797 ipse
864 1740 933 1780 oum
956 1717 1020 1779 ἔνια
1042 1719 1131 1779 addit
1152 1726 1286 1780 testatur
1308 1727 1340 1780 et
1361 1720 1395 1779 id

265 1819 464 1897 cogitandum
480 1827 528 1881 est
542 1841 642 1897 neque
657 1821 887 1882 Artemidorum
909 1822 1022 1901 capitis
1044 1822 1132 1881 initio
1155 1842 1255 1899 noque
1275 1823 1395 1883 Macro·

264 1922 350 1982 bium
360 1920 386 2003 4)
417 1923 548 1984 visionis
575 1924 715 2002 exempla
744 1931 960 1985 enumerantes
982 1926 1045 1985 tale
1067 1924 1219 1984 somnium
1242 1925 1396 1986 exhibere.

264 2024 377 2102 Itaque
399 2025 477 2085 haec
505 2019 614 2098 ἰάματα
640 2026 673 2084 iu
701 2026 781 2086 illud
810 2047 917 2104 genus,
947 2026 997 2087 cui
1019 2024 1162 2086 ἐνύπνιον
1185 2035 1217 2087 et
1238 2023 1396 2104 odorricus

265 2127 486 2206 attribuuntur,
508 2127 674 2188 inserenda
696 2137 794 2190 erunt.

351 2228 412 2290 Sed
441 2230 594 2292 insomnia
603 2230 628 2313 5)
651 2253 712 2292 non
736 2252 803 2293 esse
826 2232 932 2292 statim
955 2241 1093 2311 apparet,
1116 2236 1144 2293 si
1167 2232 1397 2294 consideramus

265 2327 391 2392 ἐνύπνια
423 2353 461 2393 ex
492 2339 631 2412 corporis
662 2335 728 2396 sive
761 2337 881 2397 animae
903 2338 1004 2413 ipsius
1027 2335 1208 2396 condicione
1229 2335 1324 2396 rebus
1347 2356 1399 2396 ex·

263 2437 362 2496 ternis
395 2437 488 2514 plane
523 2437 707 2499 absentibus
741 2438 815 2498 oriri
849 2448 881 2499 et
909 2431 991 2517 ‘post
1021 2438 1173 2498 somnium
1201 2438 1318 2498 nullam
1347 2442 1397 2498 sui

264 2539 434 2599 utilitatem
456 2540 507 2600 vel
529 2540 789 2616 significationem
811 2541 1004 2618 relinquere'.
1041 2541 1154 2617 Itaque
1176 2542 1276 2600 solum
1297 2548 1398 2601 restat

266 2633 424 2716 φάντασμα
437 2642 461 2722 6)
485 2646 573 2704 cuius
589 2650 732 2704 naturam
745 2644 922 2705 Macrobius
944 2645 990 2703 ita
1011 2642 1211 2723 describitb:
1236 2627 1401 2720 φάντασμα

266 2761 344 2812 cmo,
377 2745 431 2803 dor
460 2756 504 2804 est
529 2750 629 2818 crtum,
662 2767 725 2806 eum
757 2751 832 2807 ιἀἱαν
864 2750 994 2824 cr‘gr'lrcm
1025 2756 1056 2806 et
1075 2747 1204 2806 adultam
1227 2748 1345 2823 quictem
1367 2751 1398 2805 in

265 2847 399 2921 quadam,
432 2856 465 2906 ut
492 2851 586 2920 ciunt,
619 2851 716 2925 pruina
738 2853 834 2909 somni
852 2850 956 2908 nebulo
980 2850 1073 2907 adduc
1095 2869 1126 2906 se
1147 2849 1279 2925 uigilare·
1295 2852 1398 2907 euriti-

267 2968 357 3021 muns‚
376 2951 429 3028 qui
449 2950 575 3009 dormire
596 2954 647 3009 οἱα
669 2955 773 3030 coepit,
799 2933 929 3032 dspr'cere
952 2951 1063 3010 videtur
1085 2954 1228 3010 irruentes
1250 2954 1279 3010 ι’τι
1302 2971 1333 3010 se
1354 2942 1401 3011 val

263 3056 373 3130 passim
397 3062 537 3130 vagantes
550 3053 669 3131 surmus
691 3073 709 3113 α
731 3065 838 3114 nutura
861 3075 911 3113 reu
934 3056 1131 3131 magnitudine
1151 3073 1201 3113 seu
1222 3056 1317 3130 specie
1339 3053 1398 3113 dis·
1436 3053 1442 3071 ²

266 3168 429 3233 crepantes,
451 3159 618 3235 -ocrissque
640 3166 819 3234 tempestales
842 3176 938 3216 rerum
962 3157 1008 3215 vel
1030 3157 1121 3217 luetur
1142 3157 1189 3214 vel
1209 3156 1398 3215 turbulentos.

265 3260 300 3319 Ια
330 3259 384 3319 hoo
412 3280 520 3338 genere
549 3272 593 3319 τοι
622 3253 795 3340 ἐπιάλτηςθ)
819 3279 844 3320 e.
868 3279 896 3337 q.
920 3279 943 3319 s.
987 3257 1055 3318 Iam
1083 3259 1117 3318 in
1138 3259 1197 3319 hac
1220 3258 1398 3319 definitione

265 3363 355 3423 vides
370 3363 448 3425 duas
462 3368 577 3442 ,partes
599 3362 701 3423 inesse
723 3365 805 3422 iuter
828 3382 861 3421 se
884 3361 1039 3422 diversas:
1062 3365 1194 3439 primum
1217 3363 1298 3419 euim
1321 3361 1399 3420 dicit

267 3463 447 3526 Macrobius
479 3467 549 3528 visa
579 3467 662 3526 inter
690 3464 831 3542 vigiliam
863 3470 894 3524 et
924 3468 1076 3527 somnium
1106 3463 1187 3540 oriri,
1214 3470 1281 3523 tum
1311 3471 1399 3524 extra

354 3633 380 3700 1)
396 3632 501 3687 Zacher
517 3632 536 3687 Ι.
555 3650 579 3688 a

353 3717 380 3786 2)
398 3717 629 3787 Inscriptiouibus
655 3717 790 3790 Epidauri
815 3718 934 3772 inventis
961 3716 1080 3772 concidit
1111 3716 1181 3772 ratio
1207 3713 1399 3770 Rittershainii

266 3820 294 3873 p.
312 3805 355 3869 57,
378 3803 425 3874 qui
437 3802 582 3859 ,miracula
600 3804 649 3859 ills
665 3806 739 3860 circa
756 3803 821 3859 Ohr.
837 3821 865 3857 n.
884 3803 1021 3858 crebriora
1037 3818 1122 3872 quam
1139 3807 1220 3856 antea
1236 3799 1321 3856 fuisso
1338 3817 1399 3855 cen·

267 3888 332 3955 suit,
350 3893 382 3942 ut
399 3905 463 3943 oum
481 3887 585 3944 Christi
602 3890 741 3946 miraculis
758 3894 992 3961 compararentur.

354 3976 380 4043 3)
396 3992 424 4045 p.
442 3977 467 4041 5,
487 3991 527 4029 ια.
631 3976 658 4044 4)
676 3976 770 4032 Somn.
789 3976 862 4045 Scip.
880 3974 895 4028 I
913 3976 938 4039 3,
956 3974 980 4029 9.
1079 3976 1105 4042 5)
1125 3973 1219 4029 Somn.
1237 3972 1281 4028 Sc.
1299 3973 1314 4026 I
1332 3974 1357 4039 3,
1374 3973 1400 4027 4.

354 4062 380 4129 6)
396 4061 517 4115 Krauss:
533 4059 626 4127 „eitles
640 4059 901 4126 Phantasiestiick“;
916 4057 989 4114 Odor
997 4058 1071 4127 (Sus.
1085 4077 1112 4130 p.
1125 4060 1201 4125 871):
1215 4057 1401 4124 „Phantasien

267 4147 296 4201 in
313 4146 502 4202 halbwachem
519 4145 685 4201 Zustande“.
712 4146 808 4201 Falso:
826 4144 894 4199 haec
912 4149 979 4207 sunt
995 4146 1148 4213 φαντασίαι;
1167 4144 1228 4198 Art.
1247 4161 1273 4214 p.
1284 4143 1344 4208 261,
1359 4159 1400 4197 ar.

266 4228 355 4300 ἄλογοι
372 4231 511 4299 φαντασίαι
527 4249 555 4302 p.
573 4230 633 4298 200,
652 4248 675 4285 ι.

354 4321 380 4388 7)
397 4318 492 4374 Somn.
511 4317 584 4388 Scip.
602 4316 618 4371 Ι
636 4319 661 4384 3,
678 4319 703 4371 7.
909 4316 937 4386 8)
955 4315 989 4371 de
1005 4315 1060 4371 hoo
1077 4321 1173 4386 postea
1189 4315 1347 4371 disseretur.
