3254 4890
695 355 903 419 -23-

233 542 391 620 sagaciter
413 542 486 621 egit,
508 549 543 602 ut
565 546 702 603 nesciam
725 543 799 621 quid
822 543 938 604 addere
964 547 1088 622 possim.
1132 543 1367 604 Demonstravit

235 645 285 705 his
308 645 442 705 testibus
466 645 540 705 deos
564 646 700 722 aegrotis
723 647 949 706 somniantibus
979 640 1126 725 συυιαγοίς
1148 654 1181 707 et
1203 646 1368 724 θεραπείας

235 748 369 825 dedisse,
386 767 463 826 quas
478 751 506 807 si
521 755 724 824 sequerentur
740 768 792 809 eos
809 768 900 808 sanos
916 747 1037 808 futuros
1060 768 1128 809 esse
1151 747 1367 826 promiserunt.

322 868 433 944 Itaque
464 868 538 928 licet
569 869 630 928 iam
660 869 699 928 ad
722 869 951 929 Aristidem
974 869 1114 947 transire,
1137 869 1225 930 cuius
1249 871 1368 928 somnia

235 970 353 1030 abillis
370 972 506 1046 antiquis
526 971 738 1030 curationibus
759 971 974 1031 incubantium
997 971 1128 1032 maxime
1151 992 1187 1032 eo
1211 970 1367 1050 differunt,

234 1074 318 1150 quod
342 1071 418 1133 deus
442 1072 534 1132 etiam
558 1075 594 1149 ei,
626 1076 678 1149 qui
701 1079 789 1133 extra
812 1074 912 1133 locum
935 1081 1077 1133 sanctum
1100 1072 1222 1150 dormit,
1249 1071 1368 1134 somnia

235 1178 340 1238 mittit.
384 1176 540 1238 Aristides
569 1198 638 1238 raro
668 1177 811 1238 incubuit
821 1178 853 1255 1),
883 1178 1003 1237 utiam
1024 1177 1206 1253 Welokert)
1229 1176 1367 1237 animad-

235 1283 338 1359 vertit,
372 1300 464 1357 quem
495 1280 708 1358 Baumgartssl¹
733 1279 851 1341 frustra
880 1279 1023 1340 refellere
1054 1281 1177 1349 studuit
1208 1300 1243 1340 eo
1277 1301 1368 1357 argu·

235 1390 339 1444 mento
355 1384 450 1458 nisus,
468 1382 550 1458 quod
565 1383 720 1443 Aristides
737 1381 892 1461 παράδοξα
915 1390 1036 1443 tantum
1058 1383 1222 1443 memoriae
1245 1382 1368 1442 tradere

237 1488 378 1547 voluerit
423 1484 483 1545 Sed
506 1487 559 1545 vix
589 1488 649 1545 erit
679 1487 730 1563 qui
762 1485 851 1546 nobis
873 1485 1059 1564 persuadeat
1080 1487 1266 1547 incubantes
1289 1506 1368 1562 quae

236 1588 384 1649 viderunt
416 1587 572 1646 mirabilia
602 1569 664 1647 non
694 1586 800 1648 fuisse.
852 1587 954 1648 Semel
987 1588 1128 1649 Zosimus
1162 1609 1217 1667 pro
1251 1608 1288 1650 eo
1321 1589 1368 1647 in·

235 1692 331 1751 cubat
339 1692 373 1771 4),
396 1693 483 1752 cuius
503 1692 549 1752 rei
572 1693 745 1770 exemplum
767 1711 862 1751 unum
884 1693 946 1751 iam
968 1694 1001 1750 in
1022 1690 1278 1768 inscriptionibus
1293 1691 1368 1768 Epi·

237 1792 372 1854 dauricis
406 1803 674 1855 commemoratum
707 1802 782 1854 erat.
832 1794 894 1854 Sed
923 1793 977 1853 alii
1005 1793 1038 1852 in
1068 1793 1244 1853 universnm
1275 1812 1368 1870 saepe

235 1895 354 1956 somnia
376 1895 415 1955 ad
431 1897 603 1957 Aristidem
625 1897 832 1975 spectant1a5)
848 1896 964 1975 vident,
984 1906 1039 1956 aut
1061 1896 1119 1956 soli
1130 1897 1154 1976 6)
1178 1902 1232 1955 aut
1255 1895 1369 1955 similia

237 1999 287 2058 vel
318 1998 425 2059 eadem
455 2007 548 2077 atque
570 2000 728 2060 Aristides
751 2000 861 2078 ipsel).
905 1999 1086 2078 Aesculapii
1109 1999 1157 2059 vis
1183 1999 1369 2059 divinatoris

237 2102 337 2178 magis
368 2122 459 2178 quam
489 2124 528 2162 an
532 2109 581 2163 tea
611 2103 795 2181 ostenditur,
828 2103 915 2163 cuius
946 2107 992 2163 rei
1018 2102 1158 2180 exempla
1180 2104 1297 2180 passim
1320 2122 1369 2162 oo-

235 2211 372 2264 currunt.

322 2325 408 2385 Deus
431 2344 553 2403 semper
574 2323 639 2385 fere
663 2330 749 2384 certa
771 2332 938 2403 praecepta
961 2325 1023 2402 dat,
1053 2324 1166 2402 quibus
1199 2345 1268 2385 cum
1298 2343 1369 2382 συν-

238 2435 341 2507 ταγαῑς
361 2427 541 2506 posterioris
565 2428 678 2488 aetatis
700 2449 813 2506 magna
834 2427 1005 2488 similitudo
1029 2434 1077 2488 est
1087 2427 1117 2508 8).
1151 2428 1267 2488 Tamen
1292 2427 1369 2487 duas

235 2529 386 2609 reliquias
415 2529 522 2591 inveni
552 2528 591 2590 ad
620 2530 733 2607 prioris
763 2530 875 2590 aetatis
906 2530 1159 2591 consuetudinem
1181 2529 1370 2604 referendas,

237 2654 300 2710 qua
329 2633 449 2693 somnia
481 2632 551 2711 ipsa
581 2631 727 2692 effectum
757 2632 911 2712 quendam
940 2633 972 2693 in
1002 2653 1130 2712 corpore
1158 2633 1370 2710 praestabant.

241 2735 271 2814 1)
304 2758 333 2815 p.
367 2737 446 2796 447:
485 2729 572 2807 ἔδοξά
606 2758 689 2805 τινας
721 2737 781 2795 τῶν
814 2731 976 2814 βαρβάρων
1010 2733 1159 2814 ἐγκρατεῖς
1191 2733 1370 2814 γεγενῆσθαί

238 2860 298 2915 μου
314 2884 322 2898 .
340 2883 369 2898 ..
412 2836 512 2898 ἔπειτα
535 2841 674 2897 καθεῖναι
696 2832 749 2897 τόν
772 2833 919 2898 δάκτυλον
941 2829 1049 2898 οὑτωσὶ
1073 2834 1155 2916 μέχρι
1176 2839 1230 2895 τοῦ
1251 2838 1369 2911 λαιμοῦ,

238 2941 289 3000 καί
320 2963 348 2999 τι
379 2938 483 3021 ἐγχέαι,
515 2935 590 3001 κατα
614 2936 652 3016 δή
674 2962 739 3000 τινα
761 2935 920 3019 ἐπιχώριον
943 2940 1047 3016 νόμον,
1072 2932 1219 3016 ὀνομάσαι
1241 2935 1273 2998 δὲ
1296 2932 1369 2999 αὐτό

238 3036 399 3115 ὀξυσιτίαυ.
443 3044 537 3101 ταῦτα
566 3039 598 3103 δὲ
725 3036 794 3112 τούς
817 3035 983 3112 οἷκούονιας
1005 3037 1170 3118 θαυμάζειν
1193 3039 1241 3101 καὶ
1265 3040 1368 3121 λέγειν,

239 3137 281 3215 ὥς
311 3139 369 3223 ἄρα
391 3147 478 3204 τοῦτο
502 3144 596 3205 αἴτιον
619 3144 664 3221 εἴη
686 3148 742 3204 τοῦ
765 3144 861 3220 διψῆν
884 3142 946 3220 μέν,
973 3139 1014 3222 μὴ
1037 3139 1187 3204 δύνασθαι
1209 3140 1241 3203 δὲ
1263 3145 1369 3218 πίνειν,

240 3242 273 3307 τό
297 3245 464 3324 τρέψεσθαι
487 3245 528 3318 εἰς
550 3242 619 3319 ὅξος
641 3241 676 3306 τοί
699 3248 784 3307 σιτία.
823 3250 854 3325 2)
876 3269 905 3327 p.
928 3247 992 3307 448
1013 3248 1047 3306 in
1068 3249 1113 3308 eis
1136 3267 1215 3324 quae
1237 3247 1370 3308 somniat

238 3360 363 3411 taurum
386 3370 420 3410 se
442 3350 548 3411 videre
570 3358 670 3429 putat.
708 3341 777 3410 ὅδὲ
798 3349 936 3432 (ταῦρος)
959 3343 1027 3410 ἄλλο
1050 3346 1103 3426 μὲν
1126 3343 1214 3410 οὐδὲν
1236 3348 1369 3429 ἔδρασεν,

238 3445 300 3513 dud
333 3449 364 3512 δὲ
395 3447 427 3512 td
456 3450 531 3533 γόνυ
561 3448 594 3513 τό
624 3447 721 3525 tegata
753 3450 892 3513 ἐνέθίασε
913 3500 919 3515 .
938 3498 944 3512 .
962 3497 995 3513 ..
1027 3448 1077 3513 καί
1110 3449 1224 3532 ἐγένετο
1251 3446 1312 3513 dud
1335 3445 1368 3513 td

239 3550 313 3636 γόνυ
340 3549 373 3616 vd
397 3551 493 3627 διξιδν
516 3551 652 3615 ἕίκύδιον
674 3550 806 3633 ἄνθρακι
830 3548 936 3630 ἐοικὸς,
958 3553 1008 3614 καί
1032 3550 1129 3615 ἐδόκει
1152 3550 1272 3636 σἰγαθὸν
1293 3548 1370 3615 εἶναι

240 3654 317 3738 ιιρὸς
345 3654 382 3719 ταὶ
413 3653 486 3721 dvm.
509 3661 677 3721 —Etiam
706 3660 850 3738 vigilanti
879 3660 947 3720 visa
970 3668 1144 3740 occurrunt,
1168 3679 1247 3738 quae
1269 3652 1370 3718 ῧιιαια

238 3763 444 3823 nominantur.
490 3758 694 3835 φαντάζεσθαι
726 3767 830 3822 autem
864 3762 972 3822 eodem
1005 3782 1099 3823 sensu
1132 3767 1300 3841 usurpatur
1333 3782 1370 3823 ac

326 4019 352 4069 lt
369 4034 396 4086 p.
414 4018 473 4072 467.
491 4016 550 4071 484.
568 4016 628 4072 486.
646 4015 705 4071 490.
723 4016 783 4071 506.
801 4018 850 4071 551
870 4014 911 4070 ed.
930 4015 1015 4070 Dind.

324 4101 416 4171 2)ΚῙ.
435 4101 522 4166 Schr„
540 4101 596 4167 ΙΙΙ,
614 4119 641 4172 p.
661 4102 718 4156 130.
886 4103 913 4167 3)
931 4101 1027 4156 Aelius
1044 4100 1179 4156 Aristides
1182 4119 1232 4172 ,·p.
1252 4101 1310 4155 120.

323 4189 395 4258 4).p
413 4189 472 4243 591.
885 4190 912 4248 5)
928 4187 963 4241 cf.
982 4187 1142 4257 Baumgart,
1159 4186 1263 4256 p.1100.

325 4275 351 4340 6)
370 4291 397 4344 p.
415 4275 474 4329 497.
492 4273 552 4329 503.
570 4275 629 4329 510.
646 4275 706 4331 514.
723 4274 782 4328 518.
887 4276 951 4343 7)p
952 4274 1036 4328 .453.
1054 4273 1113 4329 462.
1131 4274 1189 4327 473.
1208 4272 1266 4326 500.

324 4362 352 4429 8)
369 4360 488 4414 maxime
505 4376 557 4415 con
558 4360 660 4415 f.erend
679 4378 705 4430 p.
723 4360 783 4414 404.
800 4360 860 4414 405.
