3254 4890
689 360 904 426 ..37-

380 544 412 623 ζ’.
463 546 528 624 περὶ
551 544 676 627 depiles
962 541 1029 624 cepi
1051 551 1169 626 κτηνῶν
1192 543 1220 626 ff

321 698 325 705 .
375 648 412 728 η’,
460 648 528 730 περὶ
550 651 738 728 πολυσχιδῶν

317 754 463 816 Ordinem
494 755 567 814 libri
596 774 706 815 revera
735 755 830 814 talem
860 753 957 816 fnisse
979 755 1042 814 iam
1063 754 1135 815 inde
1158 746 1364 834 cognoscitur,

227 858 313 938 quod
347 856 406 936 frg.
438 859 467 935 6,
497 878 559 935 quo
591 856 709 933 δίχηλον
738 856 851 918 animal
880 857 1075 936 describitur,
1105 878 1188 919 nunc
1218 869 1304 920 recte
1331 861 1363 919 in
1477 846 1480 849 ¹

229 962 363 1021 alterum
386 957 454 1033 περὶ
477 963 595 1036 κτηνῶν
616 960 731 1020 librum
750 959 906 1020 inseritur.
923 953 1103 1037 -Ἕντομν
1118 981 1197 1038 quae
1212 969 1364 1023 vocantur

228 1066 262 1123 in
296 1063 394 1123 altero
428 1063 509 1123 libro
546 1063 646 1123 locum
680 1072 786 1124 tenere
821 1068 1005 1141 potuerunt,
1039 1063 1078 1124 ad
1109 1062 1192 1140 quod
1221 1063 1363 1126 conferas

230 1168 348 1249 Artem.
363 1166 406 1243 H,
422 1165 515 1242 211):
539 1160 690 1241 ἐπειδὴδὲ
712 1164 763 1224 καὶ
786 1158 822 1223 τὰ
844 1163 954 1241 ἔντομα
975 1168 1035 1224 τῶν
1056 1160 1139 1247 ζῴων
1160 1164 1290 1234 interm,
1314 1165 1364 1226 καὶ

229 1261 305 1327 αὐτοὶ
335 1266 367 1328 ἐν
396 1269 438 1350 τῷ
468 1265 537 1346 περὶ
560 1264 696 1347 ὀρνίθων
717 1262 796 1350 λόγῳ
818 1262 983 1340 recorrige).
1029 1260 1142 1345 ’Όρτνξ
1164 1269 1242 1346 qnae
1264 1270 1363 1331 altero

228 1376 327 1433 totius
341 1372 423 1431 libro
444 1369 575 1431 affertur
597 1379 645 1431 est
663 1371 816 1448 Ortygien
839 1372 981 1432 coturnix
993 1370 1035 1449 2);
1054 1367 1160 1445 4τέτραξ
1182 1371 1268 1443 tertii
1289 1372 1363 1432 libri

228 1483 314 1536 certe
351 1473 552 1535 determinari
585 1473 744 1550 nequit³);
781 1473 961 1553 πορφυρέων
970 1474 995 1551 4)
1032 1480 1064 1534 et
1101 1466 1259 1555 ἔρνδιόςΰ)
1284 1483 1363 1534 ‘sunt

228 1579 311 1637 inter
347 1570 508 1653 σχιζόποδα
543 1574 716 1654 referenda,
754 1596 834 1652 quae
871 1575 1017 1636 animalia
1049 1576 1090 1636 ad
1123 1596 1233 1653 aquam
1266 1583 1298 1636 et
1330 1580 1363 1636 in

228 1678 396 1757 paludibus
427 1678 554 1756 degunt.
597 1678 690 1738 Unde
717 1677 793 1738 licet
824 1679 1016 1757 concludere,
1043 1681 1077 1738 in
1097 1677 1159 1738 fine
1181 1678 1268 1740 tertii
1290 1679 1363 1739 libri

229 1781 451 1856 Alexandrum,
474 1801 543 1842 cum
565 1780 604 1841 de
627 1782 738 1842 avibus
762 1789 794 1841 et
817 1781 857 1840 ad
880 1801 993 1858 aquam
1022 1789 1054 1841 et
1083 1780 1116 1840 in
1139 1801 1220 1858 aqua
1241 1801 1361 1841 moran-

228 1885 315 1945 tibus
345 1883 521 1961 dissereret,
553 1883 593 1942 ad
622 1882 725 1961 pisces
756 1883 926 1944 transiisse.
972 1883 1030 1944 Oui
1055 1883 1161 1961 generi
1184 1883 1361 1943 animalium

230 1986 296 2047 iure
320 1986 396 2046 mihi
418 1986 527 2046 videor
548 1986 626 2046 duos
648 1986 744 2046 libros
768 1987 1005 2065 adiudicavisso,
1028 2007 1098 2047 cnm
1119 1982 1309 2068 ᾠοτοκοῦντα
1330 1994 1362 2047 et

228 2092 435 2172 ζῳοτοκοῦντα
463 2089 518 2148 vix
546 2108 607 2148 uno
638 2088 719 2148 libro
750 2088 969 2166 comprehendi
1000 2093 1167 2167 potuerint.
1211 2088 1361 2149 Videmus

229 2193 370 2254 ordinem
400 2191 572 2253 certissimo
604 2191 732 2252 consilio
758 2193 938 2251 institutum
960 2211 1044 2268 esse,
1070 2199 1106 2252 nt
1128 2192 1168 2253 ab
1190 2174 1361 2252 humiliori-

228 2296 288 2357 bus
321 2295 506 2356 animalibus
535 2314 634 2372 usquo
668 2294 708 2353 ad
739 2292 909 2372 πολυσχιδῆ,
939 2294 1021 2355 inter
1050 2315 1127 2371 quos
1156 2296 1247 2355 homo
1270 2295 1361 2372 estss),

228 2398 389 2461 ducamur.

259 2524 265 2535 ⁴
314 2502 400 2575 Quae
429 2500 551 2561 indoles
581 2503 683 2580 operis
705 2497 810 2578 fuerit,
833 2499 1021 2578 Wellmsnn,
1052 2504 1106 2577 qui
1127 2499 1306 2561 doctissime
1330 2506 1361 2560 et

226 2604 427 2680 sagacissime
442 2603 481 2663 de
495 2603 675 2663 Alexandro
699 2602 773 2681 egit,
795 2603 933 2663 breviter
956 2604 1111 2680 expressit
1122 2602 1160 2681 7);
1184 2603 1254 2681 [Die
1269 2612 1362 2663 unter

227 2705 422 2766 Alexanders
450 2706 570 2766 Namen
601 2705 783 2766 erhaltenon
805 2704 1002 2783 Fragments]
1033 2698 1207 2784 ‘beweisen,
1237 2705 1360 2777 dolor

228 2807 420 2886 compilator
452 2806 596 2884 g'ewesen
632 2811 682 2884 ist,
721 2808 778 2867 dal
812 2807 1040 2868 Schriftsteller
1072 2807 1131 2868 wie
1164 2808 1359 2886 Aristoteles,

228 2911 435 2989 Theophrast.
472 2910 659 2989 Antigones,
696 2910 850 2988 Herodot,
888 2910 1060 2989 Sostratos,
1093 2912 1207 2988 Istros,
1238 2911 1358 2988 Agath-

227 3013 382 3092 archides,
416 3013 596 3091 Theopomp
626 3033 687 3072 von
720 3012 785 3072 ihm
813 3013 944 3074 benutzt
972 3013 1098 3074 worden
1127 3013 1207 3091 sind,
1240 3013 1297 3074 dal
1326 3034 1360 3073 er

226 3116 475 3197 mythologisoho
504 3116 638 3177 Notizen
669 3115 937 3194 beriieksichtigte
968 3117 1033 3175 und
1068 3116 1126 3178 dal
1159 3112 1231 3195 sein
1259 3116 1360 3176 Werk

226 3221 299 3282 tsils
311 3217 688 3281 naturwissonschaftlich
704 3218 938 3298 beschreibend,
950 3219 1022 3279 teils
1033 3200 1359 3297 paradoirographisch

226 3344 370 3401 gewesen
384 3323 443 3401 ist’,
459 3322 541 3400 quod
557 3321 706 3382 iudicium
728 3323 936 3381 rectissimum
959 3341 1027 3382 esse
1049 3325 1085 3399 ei,
1101 3322 1154 3399 qui
1168 3321 1359 3382 Wellmanni

226 3423 469 3504 disputationem
491 3428 671 3503 inspexerit,
694 3423 801 3483 statim
824 3424 1000 3502 apparebit.

313 3528 380 3588 Iam
395 3536 518 3588 transeo
539 3527 579 3587 ad
602 3546 655 3587 sos
670 3526 976 3605 Artemidori-locos,
999 3529 1052 3604 qni
1075 3525 1149 3604 quin
1171 3546 1209 3586 ex
1224 3526 1359 3586 Alexan·

227 3627 276 3688 dri
306 3629 437 3691 historia
467 3633 645 3692 animalium
675 3631 823 3693 fluxerint
852 3632 990 3693 dubitari
1016 3632 1068 3691 vix
1099 3640 1210 3710 potest,
1233 3632 1358 3711 planius

226 3733 417 3793 tractandos.

315 3838 345 3911 1)
367 3836 435 3896 Art.
458 3836 501 3914 II,
524 3837 614 3915 66⁸):
645 3835 718 3909 φασὶ
752 3831 808 3917 γὰρ
838 3831 871 3897 τό
898 3840 974 3919 ζῷον
996 3830 1132 3896 θάνατόν
1154 3857 1183 3896 rs
1205 3838 1358 3914 σημαίνειν

314 4023 340 4086 1)
358 4038 385 4092 p.
404 4022 463 4088 114,
482 4036 522 4076 aa.

312 4106 340 4174 2)
357 4105 619 4173 Anbert-Wimmer,
636 4106 807 4162 Aristoteles’
824 4106 1000 4161 Thierlrunde
1017 4107 1041 4173 Ι,
1059 4125 1085 4177 p.
1106 4108 1163 4162 103.

311 4193 339 4262 3)
356 4191 423 4247 ibid.
441 4210 468 4264 p.
487 4193 545 4248 109.
826 4196 853 4263 4)
872 4194 1030 4249 Wellmann
1047 4211 1074 4265 p.
1092 4194 1151 4248 484.

312 4280 339 4347 5)
357 4277 611 4334 Aubert-Wimmer
628 4295 655 4349 p.
673 4279 716 4335 81.
828 4282 854 4345 6)
873 4280 1067 4351 Aristophanis
1081 4279 1155 4350 Epit.
1169 4279 1184 4334 I
1200 4280 1240 4345 16,
1252 4296 1279 4350 p.
1293 4279 1319 4345 4,
1335 4296 1358 4334 1.

312 4366 339 4430 7)
355 4381 382 4435 p.
400 4365 458 4420 505.
827 4366 855 4431 8)
872 4383 899 4436 p.
918 4368 976 4432 157,
996 4382 1036 4420 ιν.
