3254 4890
716 329 929 394 ..29-

257 520 410 579 somniare
420 514 452 594 1).
475 551 517 561 -
539 516 609 577 Non
638 516 697 578 soli
726 517 934 595 Aesculapius
965 525 1019 578 aut
1048 517 1173 596 Serapis
1204 538 1295 578 curae
1325 538 1391 581 ora·
1422 540 1425 545 ·

258 623 335 681 toris
358 620 531 690 consulunt,
555 619 728 682 sedetiam
753 619 807 679 alii
830 619 889 697 dei,
911 626 947 679 ut
969 640 1038 680 cum
1054 619 1204 698 Serapide
1227 621 1392 682 coniuncta

258 720 388 782 affertur
405 721 471 783 isis
482 721 513 800 2).

344 894 364 971 ξ
393 893 421 952 8.
465 894 637 970 Postquam
665 893 704 953 de
734 893 861 954 somniis
892 894 931 954 ab
963 894 1149 972 Aesculapio
1179 902 1211 954 et
1240 893 1391 971 Serapide

258 995 359 1056 missis
374 995 406 1055 in
421 1000 600 1057 universum
615 997 692 1057 satis
708 995 900 1074 disputatum
916 1005 971 1074 est,
987 996 1204 1073 inquirendum
1220 996 1287 1073 erit,
1303 1016 1391 1055 num

258 1098 551 1159 Artemidorus
574 1099 775 1159 eiusmodi
798 1099 1133 1159 collectionibus
1156 1118 1253 1159 usus
1276 1099 1338 1159 sit.

343 1201 461 1273 Quarto
493 1208 525 1261 et
556 1202 663 1278 quinto
694 1203 796 1280 operis
826 1202 916 1262 libris
938 1201 1154 1261 Artemidorus
1184 1202 1269 1262 aliud
1295 1209 1390 1278 atque

257 1309 348 1363 antea
378 1305 540 1364 consilium
571 1314 696 1365 secutus
727 1313 783 1365 est.
827 1305 907 1365 Nam
938 1306 1071 1383 primum
1101 1303 1150 1363 his
1172 1304 1261 1365 libris
1284 1304 1389 1382 dispu-

256 1407 405 1466 tationem
428 1406 574 1484 supplere
594 1409 700 1485 voluit,
723 1408 806 1484 quod
827 1408 895 1485 ipse
917 1405 1082 1467 confitetur
1101 1406 1174 1466 libri
1189 1407 1235 1467 IV
1245 1407 1268 1484 3)
1283 1407 1390 1467 initio:

257 1507 309 1567 καὶ
338 1503 394 1587 γαλρ
425 1511 479 1568 νῦν
508 1504 694 1586 αἰσθάνομαί
722 1531 812 1569 τινων
841 1514 903 1579 τοῖς
932 1508 1058 1585 βιβλίοις
1092 1506 1315 1588 ἐγκαλουμένων
1348 1501 1388 1577 τός

258 1614 316 1671 τῶν
346 1607 399 1688 μέν
429 1609 461 1671 έν
491 1605 594 1682 αὐτοῖς
623 1609 831 1694 γεγραμμένων
861 1605 1004 1687 ἀληθείας
1027 1606 1080 1687 μέν
1103 1605 1168 1670 οὐδ’
1191 1604 1291 1670 ὁτιοῦν
1314 1604 1390 1669 σίττυ-

257 1708 396 1788 δεόντων,
428 1707 466 1774 οὔ
497 1709 617 1775 πόντων
643 1712 674 1774 δέ
697 1712 926 1795 ἐξειργασμένων
949 1708 1305 1798 οόόέῄτιολογουμίνων,
1328 1711 1389 1772 ἔστι

257 1812 289 1875 δέ
323 1805 365 1876 civ
408 1813 459 1876 καί
503 1815 776 1894 παραλελειμμένων
814 1812 987 1896 αἰναγκαίων
1025 1809 1123 1876 όντων
1159 1819 1195 1899 τῇ
1233 1807 1386 1874 όιτοθέσει.

256 1919 335 1978 Tum
352 1926 453 1979 autem
469 1921 657 1981 somniorum
672 1922 782 1997 exitus,
798 1920 909 1999 quos4)
925 1919 964 1979 ad
987 1919 1228 1997 disputationem
1250 1919 1390 1997 priorum

256 2022 404 2081 librorum
427 2042 489 2081 non
512 2022 664 2101 adhibuit,
686 2025 748 2083 iam
765 2022 829 2100 IV,
851 2025 983 2081 maxime
1006 2030 1109 2105 autem
1125 2021 1162 2081 V.
1182 2022 1260 2081 libro
1284 2021 1386 2099 copio-

256 2124 376 2184 sissime
406 2123 506 2185 affert.
551 2126 662 2202 ltaque
685 2125 734 2186 his
757 2127 790 2184 in
812 2125 902 2184 libris
925 2123 1073 2184 nonnulla
1095 2127 1213 2183 somnia
1236 2124 1275 2182 ad
1299 2123 1388 2183 Sera-

255 2226 360 2304 pidem
382 2236 413 2287 et
435 2229 656 2311 Aesculapium
679 2229 855 2305 spectantia
876 2228 1087 2286 inveniuntur.
1124 2225 1185 2286 Sed
1207 2228 1389 2304 priusquam

256 2330 295 2389 ad
317 2330 440 2408 singula
462 2331 656 2410 inspicienda
679 2330 870 2407 accedamus,
896 2330 957 2388 alia
980 2328 1121 2405 quaestio
1144 2349 1241 2406 eaque
1262 2328 1390 2388 maximi

254 2433 401 2523 momenti
424 2434 573 2494 solvenda
596 2440 652 2495 est.

337 2539 471 2599 Exstant
507 2538 586 2598 duae
618 2539 756 2599 rationes
788 2538 914 2597 deorum
947 2543 1078 2595 naturae
1112 2533 1339 2614 percipiendae,
1370 2532 1390 2591 α’

253 2634 381 2711 φυσικός
402 2635 490 2718 λόγος
512 2648 544 2701 et
566 2633 585 2700 ό
607 2635 738 2717 μυθικὸς
760 2639 828 2701 sive
850 2633 926 2698 καταὶ
948 2634 1002 2714 τήν
1025 2637 1157 2715 ἱστορίαν
1178 2632 1275 2716 λόγος.
1313 2636 1386 2695 Hae

253 2740 373 2802 duobus
395 2743 472 2803 locis
495 2764 556 2803 una
579 2742 766 2803 afferuntur:
790 2742 917 2819 11395)
941 2742 979 2802 de
1002 2740 1159 2820 Serapide,
1182 2737 1276 2814 Iside,
1299 2738 1384 2797 Anu·

252 2842 333 2920 bide,
359 2845 554 2921 Harpocrate
583 2865 683 2905 sermo
714 2845 758 2923 fit,
788 2844 841 2922 qui
870 2864 920 2905 ros
952 2843 1101 2904 adversas
1131 2840 1317 2921 significant,
1348 2860 1387 2900 ex

253 2947 367 3022 quibus
398 2955 503 3006 tamen
534 2951 627 3007 etiam
650 2947 800 3026 eripiunt;
828 2944 981 3025 ἐξαιρέτως
1003 2942 1035 3005 δέ
1057 2939 1093 3004 τό
1115 2939 1264 3023 μυστήρια
1286 2940 1389 3003 αὐτῶν

254 3046 389 3120 πένθους
419 3047 479 3109 ἐστὶ
507 3042 680 3125 spiramenti·
711 3047 761 3110 καὶ
784 3044 841 3130 γαλρ
862 3047 890 3108 εί
910 3046 960 3107 καλ
985 3039 1003 3107 ό
1025 3042 1156 3121 φυσικός
1178 3040 1277 3106 αὐτῶν
1298 3040 1387 3127 λόγος

254 3145 322 3212 cillo
353 3174 381 3213 τι
412 3150 545 3231 περιέχει.
590 3144 608 3212 ό
639 3147 670 3233 γέ
699 3146 833 3230 μυθικός
857 3149 907 3211 καλ
931 3144 949 3211 ό
970 3145 1046 3210 nutri
1068 3145 1122 3227 τήν
1145 3148 1276 3228 ἱστορίαν
1297 3152 1386 3209 τοῦτο

253 3253 411 3318 δείκνυσιν.
436 3292 473 3300 -
498 3256 533 3316 Π
563 3256 639 3335 37⁶)
669 3254 709 3316 de
739 3254 879 3333 Dionyso
910 3253 1030 3332 agitur:
1064 3256 1126 3323 τοῖς
1153 3247 1185 3313 δὲ
1215 3246 1267 3312 τόν
1289 3243 1387 3329 οἱβρόν

253 3356 321 3432 βίον
349 3360 418 3431 ζῶσι
447 3359 498 3419 καὶ
529 3352 653 3436 μάλιστα
683 3354 768 3418 παισί
801 3348 930 3435 ταραχολς
959 3353 1009 3416 καλ
1043 3350 1207 3424 κινδύνους
1240 3351 1292 3413 καλ
1321 3352 1386 3414 ἐκι-

254 3454 365 3534 βουλός
395 3459 446 3520 καὶ
472 3457 661 3540 περιβοήσεις
683 3460 818 3539 σημαίνει
841 3454 892 3519 διὰ
914 3454 968 3537 τὴν
990 3456 1057 3538 τιερλ
1080 3452 1131 3518 τόν
1153 3452 1229 3517 θεόν
1252 3454 1387 3534 ἱστορίαν

255 3559 305 3620 καὶ
327 3556 377 3622 διὰ
400 3559 451 3623 τόν
474 3559 604 3638 φυσικόν
625 3560 715 3645 λόγον
737 3564 791 3623 τοῦ
814 3555 972 3623 Διονόσου.

339 3665 387 3726 De
410 3667 541 3744 physica
562 3670 683 3729 ratione
695 3669 717 3745 ⁷)
741 3666 848 3728 Cicero
872 3666 911 3727 de
933 3674 997 3726 nat.
1020 3666 1102 3724 deor.
1132 3663 1237 3741 1124,
1259 3681 1286 3724 ea
1307 3663 1387 3722 haec

340 3835 364 3901 1)
379 3790 426 3888 lle
441 3833 484 3888 his
502 3834 538 3889 cl.
556 3835 716 3906 Baumgart‚
733 3854 761 3907 p.
780 3837 838 3892 125.

290 4003 297 4016 ·
339 3918 366 3981 2)
383 3936 411 3989 p·
429 3920 488 3974 500.
500 3920 563 3985 501;
582 3921 617 3974 cf.
630 3920 731 3976 Tibull.
744 3921 759 3975 I
773 3923 799 3988 3,
811 3922 854 3977 27.
879 3922 923 3976 De
934 3918 1017 3974 Isidis
1034 3917 1062 3972 vi
1080 3915 1206 3971 medendi
1219 3913 1255 3970 cl.
1268 3913 1384 3969 Ritters·

252 4000 326 4071 ham,
337 4021 371 4159 3)
383 4006 487 4160 piglsSS,
508 4111 546 4146 τι.
847 4093 874 4161 4)
892 4091 928 4146 cl.
946 4090 978 4145 II
996 4090 1031 4142 44
1047 4089 1140 4143 locum
1157 4101 1242 4156 supra
1258 4085 1384 4139 allatum.

337 4177 364 4244 5)
380 4194 407 4248 p.
427 4178 485 4243 145,
504 4192 518 4231 ο
537 4193 577 4247 sq.
887 4178 913 4241 6)
932 4193 959 4247 p.
978 4177 1036 4242 141,
1056 4191 1068 4228 1
1088 4190 1129 4244 sq.

251 4344 300 4402 ΠΙ
325 4264 363 4400 214)
379 4261 417 4404 οθὶ8
433 4262 530 4330 Zeller,
548 4262 652 4318 Philos.
669 4261 697 4319 d.
715 4261 849 4319 Griechen
867 4261 922 4329 111,
944 4278 967 4328 1,
989 4279 1016 4331 p.
1034 4258 1093 4315 323.
1117 4257 1166 4313 Cic
1183 4256 1218 4312 de
1234 4260 1291 4311 nat.
1308 4254 1382 4309 deor.
1619 4288 1621 4361 ,

301 4385 309 4413 ι
361 4387 368 4414 ι
421 4387 428 4403 ·
1618 4364 1621 4559 ρ
