3254 4890
702 338 915 403 ..42-

258 527 262 533 ’
327 527 354 606 Ι,
370 529 410 588 67
420 527 461 606 1)τ
484 520 624 605 κρόμμυα
639 521 672 586 δὲ
693 523 743 585 καί
765 519 897 601 σκόροδα
920 522 1033 585 ἐσθίειν
1055 520 1109 599 μὲν
1130 521 1276 604 πονηρόν,
1299 520 1374 600 ἔχειν

242 626 274 691 di
304 623 432 710 ύγαθόν.
479 624 585 704 μόνοις
610 626 643 688 δὲ
665 632 728 697 τοῖς
749 629 872 687 νοσοῦσι
894 621 1051 704 διαφόρως
1073 621 1109 687 τό
1132 621 1273 706 κρόμμυα
1296 622 1374 686 cino·

243 731 346 809 βαίνετ’.
377 730 512 812 καὶπερὶ
536 726 636 794 αύτῶν
656 725 847 807 Ἀλέξανδρος
868 724 1044 802 όΜύνδιος
1067 729 1194 811 ἰσχυρῶς
1217 724 1375 811 ἀπορήσας

242 829 276 896 τό
306 832 387 906 τύλος
415 828 454 896 ού
479 837 644 912 κατείληφε.
688 835 737 895 De
758 835 881 908 soilla2)
904 855 998 913 cepae
1020 834 1115 895 simili
1137 835 1244 912 planta
1278 854 1373 912 egens

242 938 459 999 Artemidorus
495 941 559 999 vim
602 942 668 999 eius
704 937 891 999 medicinam
926 938 1064 1017 respicit.
1130 938 1215 1017 Oepa
1252 956 1374 1016 quoque

242 1048 365 1103 veteres
388 1041 618 1103 ,medicamento
647 1044 697 1101 usi
725 1040 842 1121 suntl).
886 1041 1072 1119 Alexander,
1100 1044 1215 1120 quippe
1238 1044 1291 1119 qui
1314 1062 1375 1102 non

244 1144 346 1204 omnia
376 1164 455 1221 quae
485 1144 606 1222 legerat
635 1145 818 1221 erederet4),
849 1144 887 1204 de
917 1144 976 1204 heo
1001 1145 1034 1204 vi
1057 1137 1171 1221 ἠπόρει,
1194 1153 1233 1204 ut
1252 1145 1333 1205 solet
1341 1145 1375 1224 ⁵),

242 1267 305 1324 qua
336 1247 374 1308 de
401 1267 494 1308 eausa
517 1246 732 1308 Artemidorus
755 1250 822 1307 eius
845 1247 1002 1308 sententia
1025 1246 1146 1307 deiecta
1167 1246 1259 1307 aliam
1282 1267 1375 1324 quam

243 1349 311 1428 ipse
340 1349 461 1410 invenit
486 1349 639 1410 adhibuit.
683 1350 732 1410 De
753 1349 834 1409 libro
858 1349 1052 1410 onirocritieo
1074 1352 1199 1410 minime
1222 1356 1270 1410 est
1292 1353 1375 1427 eogi-

243 1453 380 1513 tendum.
663 1504 671 1518 .

329 1555 414 1615 Illud
425 1576 547 1633 quoque
557 1554 764 1633 fragmentum
775 1555 956 1634 Alexandri,
966 1554 1048 1633 quod
1058 1555 1240 1615 Athenaeus
1249 1554 1292 1632 H,
1302 1558 1343 1615 57
1354 1556 1376 1616 b

243 1658 391 1736 servavit,
407 1679 475 1718 oum
491 1658 691 1718 Artemidoro
708 1660 883 1719 consentire
900 1657 1105 1719 demonstrari
1126 1665 1240 1736 potest.
1268 1658 1377 1719 Verba

244 1769 318 1822 sunt
345 1761 440 1822 haee:
473 1761 653 1837 Μνησίθεος
682 1753 701 1820 ό
721 1754 884 1838 Ἀθηναῖος
913 1758 945 1821 ἐν
970 1762 1012 1842 τῷ
1033 1758 1101 1839 περί
1124 1759 1249 1821 ἐδεστῶν
1271 1753 1376 1841 όστρα-

244 1863 331 1933 κίδος
360 1867 444 1923 καλεῖ
470 1865 530 1923 τῶν
560 1857 666 1923 κόνων
697 1858 767 1933 τούς
789 1856 931 1942 πορήνοις,
956 1861 998 1923 ἔτι
1021 1859 1054 1923 δὲ
1076 1859 1202 1935 κῶνους.
1247 1866 1377 1939 Διοκλῆς

245 1960 271 2025 δ
294 1959 313 2026 ό
338 1965 506 2045 Καρύστιος
527 1960 651 2026 πιτύινα
674 1959 782 2045 κόρου.
821 1958 839 2026 ό
861 1962 893 2026 δὲ
916 1960 1059 2037 Μύνδιος
1079 1959 1270 2046 Ἀλέξανδρος
1291 1989 1375 2025 πιτυ-

246 2090 318 2140 υους
348 2064 475 2139 κῶνους.
523 2062 718 2147 Θεόφραστος
745 2065 777 2128 di
807 2063 839 2128 τό
871 2064 924 2145 piu
947 2067 1070 2147 δένδρον
1092 2064 1207 2145 πεύκην
1229 2063 1377 2144 ὀνομάζει,

245 2165 297 2232 τόν
312 2167 344 2231 δὲ
358 2166 476 2251 καρπόν
494 2174 603 2232 κῶνον.
634 2171 725 2245 Quod
747 2171 786 2232 de
802 2171 1018 2251 Theophrasto
1041 2173 1173 2234 adnotat
1187 2172 1378 2249 Athenaeus,

247 2275 349 2336 minus
383 2282 527 2336 accurate
557 2275 675 2336 dietum
705 2283 761 2336 est.
813 2275 966 2354 Theophr.
995 2275 1068 2336 hist.
1098 2275 1194 2356 plant.
1216 2276 1270 2335 ΠΙ
1299 2276 1327 2353 9,
1349 2293 1378 2334 a:

245 2371 266 2456 ἦ
289 2374 322 2438 δὲ
350 2380 437 2448 πίτυς
466 2377 552 2438 δοκεῖ
571 2378 674 2457 φέρειν
696 2380 736 2460 τῷ
758 2376 936 2457 λιπαροτίρα
959 2398 990 2437 τε
1011 2370 1086 2438 εἶναι
1108 2377 1157 2438 καλ
1181 2380 1377 2453 λεπτοφυλλο-

247 2478 315 2557 τίρα
345 2478 397 2540 καί
426 2474 459 2540 τό
483 2478 612 2561 μέγεθος
634 2473 762 2540 ἒλύττοιν
783 2478 835 2540 καί
856 2468 945 2557 ἧττον
976 2476 1161 2560 δρθοφυής·
1192 2479 1235 2541 ἔτι
1264 2475 1296 2540 δὲ
1326 2474 1378 2540 τόν

246 2586 345 2643 κῶνον
360 2577 469 2643 ἐλύττω
486 2580 588 2660 φέρειν
609 2581 661 2643 καί
683 2578 852 2662 πεφρικότα
874 2586 983 2660 μᾶλλον
1004 2582 1056 2646 καί
1079 2578 1111 2644 τό
1134 2578 1250 2663 κόρυον
1270 2604 1379 2643 πιττοκ-

247 2684 394 2764 δίστερον.
416 2680 545 2762 Ἐλύτης
560 2707 682 2764 quoque
697 2688 817 2748 arboris
839 2686 959 2748 fructus
982 2691 1073 2748 κῶνοι
1094 2691 1292 2748 nominantur
1305 2685 1378 2746 hist.

246 2791 344 2869 plant.
373 2790 529 2869 111‚9‚a
573 2790 621 2850 De
644 2810 727 2851 caus.
749 2791 846 2868 plant.
868 2790 893 2869 Ι,
919 2793 1016 2870 19,1:
1047 2789 1079 2852 οί
1098 2792 1154 2872 (so.
1175 2786 1302 2870 καρποὶ)
1325 2790 1378 2864 τῆς

247 2888 416 2962 πιττῶδους
435 2887 549 2968 πεύκης
572 2889 623 2951 κοί
646 2886 722 2962 ὅλως
743 2896 803 2952 τῶν
824 2891 1020 2972 κωνοφύρων.
1054 2893 1170 2954 Contra
1190 2893 1263 2953 hist.
1277 2890 1320 2970 pl.
1335 2891 1379 2969 Π,

248 2997 276 3073 2,
291 3014 319 3056 e:
342 2988 438 3070 πεύκη
454 2988 666 3074 ἦκανοφόρος
680 2992 731 3055 καὶ
747 2997 835 3065 πίτυς
848 2988 869 3071 ἦ
883 2991 1095 3076 φθειροφόρος
1108 2996 1259 3057 Videmus
1280 2994 1380 3072 igitur

247 3100 307 3159 hae
329 3118 406 3159 vooe
422 3098 671 3176 Theophrastum
693 3100 867 3178 promiscue
889 3103 945 3160 uti.
975 3099 1113 3160 Galenus
1123 3100 1147 3178 6)
1168 3099 1207 3159 de
1230 3098 1289 3159 hae
1303 3117 1379 3158 voce

248 3202 327 3262 haee
353 3201 494 3261 exhibet:
525 3195 580 3270 οὓς
600 3203 657 3260 νύν
685 3194 814 3270 ἅπαντες
825 3195 966 3278 Ἕλληνες
988 3196 1184 3279 ὀνομάζουσιν
1205 3200 1380 3280 στροβίλους

249 3299 281 3364 τό
303 3298 395 3363 πύλαι
413 3301 574 3363 ἐκαλοῦντο
589 3305 690 3371 κῶνοι.
722 3300 880 3381 Στρόβιλοι
901 3304 1023 3366 fruetus
1046 3300 1160 3381 πεύκης
1181 3305 1380 3364 nominentur

250 3427 268 3466 a
296 3407 511 3493 Theophrasto
541 3407 613 3468 hist.
642 3406 683 3484 pl.
707 3407 768 3485 III,
799 3409 827 3485 5,
852 3427 880 3485 ος
910 3409 971 3486 ΠΙ,
994 3410 1022 3488 9,
1044 3408 1101 3488 sl).
1145 3407 1380 3486 Th00phrastus

249 3509 347 3587 igitur
361 3511 444 3569 inter
459 3513 557 3569 κῶνον
573 3515 605 3570 et
619 3504 772 3586 στρόβιλον
786 3531 848 3571 non
870 3511 947 3572 satis
970 3510 1122 3590 distinxit,
1145 3510 1228 3588 quod
1243 3511 1378 3570 Alexan·

251 3613 340 3672 drum
350 3611 463 3679 fecisse
472 3612 628 3673 Athenaei
641 3614 728 3674 locus
741 3614 855 3676 allatus
866 3615 1068 3675 demonstrat.
1083 3614 1195 3691 Itaque
1203 3612 1380 3673 Alexander

249 3715 283 3774 id
305 3718 407 3794 egisse
427 3717 558 3796 videtur,
580 3724 616 3776 ut
638 3717 761 3777 nomina
784 3719 977 3795 singularum
999 3718 1176 3797 plantarum
1200 3724 1286 3778 certa
1308 3737 1379 3777 oon·

251 3818 404 3897 stitueret,
427 3819 510 3897 quod
531 3821 606 3879 item
629 3827 759 3898 apparet
782 3840 821 3880 ex
843 3821 947 3898 Etym.
969 3821 1086 3897 Magno
1108 3841 1132 3881 s.
1155 3841 1184 3881 v.
1207 3813 1379 3896 α’μαμαξύςι

336 4004 362 4070 1)
378 4020 405 4072 p.
423 4003 466 4070 62,
485 4019 526 4058 re.
893 4004 964 4076 2lp.
983 4005 1042 4072 187,
1061 4021 1101 4059 ao.

335 4089 363 4157 3)
381 4089 475 4155 Hehu,
493 4088 725 4161 Knlturpflanzen
743 4090 802 4145 und
819 4090 995 4158 Haustiere0,
1012 4109 1039 4162 p.
1059 4092 1117 4147 197.

336 4176 363 4243 4)
380 4175 444 4246 Frg.
464 4177 504 4230 17.
686 4179 713 4246 5)
731 4177 797 4247 Frg.
814 4177 858 4233 25.
1040 4178 1067 4247 6)
1083 4177 1170 4244 ΧΙΙΙ,
1187 4195 1215 4248 p.
1234 4176 1268 4232 10
1284 4173 1379 4230 Kiihn.

336 4262 363 4327 7)
381 4261 425 4316 De
452 4261 551 4315 harum
582 4279 681 4317 vocum
716 4262 965 4333 significationibus
1000 4264 1089 4318 fusius
1118 4270 1233 4334 egerunt
1262 4259 1382 4328 Lobeolr,

250 4344 425 4415 Phrynichus
443 4365 470 4418 p.
488 4348 547 4402 396.
560 4348 624 4403 397.
659 4347 745 4403 Hehn
762 4365 789 4417 p.
807 4348 866 4403 292.
