3254 4890
716 326 929 390 ,29-

256 516 410 576 somniare
419 511 452 591 ¹).
475 549 517 558 -
539 512 609 574 Non
638 512 697 574 soli
726 513 933 591 Aesculapius
964 521 1018 574 aut
1048 513 1173 593 Serapis
1204 534 1295 575 curae
1325 535 1392 577 ora·

257 620 335 677 toris
357 617 531 687 consulunt,
555 615 729 676 sedetiam
753 616 807 676 alii
830 615 888 693 dei,
911 623 946 676 ot
969 637 1038 676 cum
1055 616 1203 694 Serapide
1227 618 1393 677 coniuncta

258 717 388 779 affertur
404 718 472 781 isis
482 717 513 797 2).

344 891 363 968 ξ
394 890 421 949 8.
465 890 636 968 Postquam
665 889 704 950 de
734 890 861 951 somniis
891 891 930 950 ab
963 891 1149 968 Aesculapio
1179 897 1211 950 et
1240 889 1391 968 Serapide

257 992 359 1053 missis
373 992 406 1051 in
421 997 599 1054 universum
615 994 693 1053 satis
708 992 900 1071 disputatum
915 1000 971 1071 est,
987 993 1204 1070 inquirendum
1220 992 1287 1069 erit,
1303 1013 1391 1051 num

258 1095 551 1156 Artemidorus
574 1095 775 1156 eiusmodi
798 1094 1133 1157 collectionibus
1155 1115 1253 1155 usus
1276 1095 1338 1155 sit.

343 1198 461 1270 Quarto
493 1203 525 1258 et
555 1198 663 1275 quinto
694 1200 796 1277 operis
826 1198 915 1258 libris
938 1198 1154 1257 Artemidorus
1184 1198 1269 1258 aliud
1295 1205 1390 1275 atque

257 1306 348 1360 antea
378 1302 541 1361 eonsilium
570 1310 696 1361 secutus
727 1307 782 1362 est.
827 1301 907 1362 Nam
938 1302 1071 1379 primum
1101 1300 1150 1360 his
1172 1300 1260 1360 libris
1284 1300 1388 1379 dispu-

256 1404 405 1464 tationem
428 1404 574 1482 supplere
593 1405 700 1482 voluit,
723 1403 806 1481 quod
828 1405 895 1481 ipse
918 1401 1082 1463 confitetur
1100 1402 1173 1462 libri
1188 1403 1235 1463 IV
1245 1403 1268 1480 3)
1283 1403 1389 1463 initio:

257 1505 308 1565 aori
337 1500 394 1584 γολρ
425 1508 479 1564 νῦν
508 1500 694 1582 αἰσθάνομαί
722 1527 812 1566 τινων
841 1510 903 1575 τοῖς
932 1505 1058 1581 βιβλίοις
1092 1503 1315 1584 ἐγκαλουμένων
1348 1497 1388 1574 οἷς

257 1610 315 1667 τῶν
346 1604 399 1683 μέν
430 1606 461 1668 έν
491 1602 594 1679 αὐτοῖς
623 1606 831 1690 γεγραμμένων
861 1601 1004 1684 ἀληθείας
1027 1602 1080 1683 μέν
1103 1601 1167 1666 οὐδ’
1191 1600 1292 1666 ὁτιοῦν
1314 1601 1389 1666 τίπο-

257 1705 396 1784 όεόντων,
428 1704 465 1772 οὗ
496 1706 617 1771 πόντων
642 1709 674 1771 δέ
697 1709 926 1791 ἐξειργασμένων
949 1703 1305 1794 οόδὲῑῄτιολογουμένων,
1328 1707 1389 1768 έστι

257 1809 289 1872 δὲ
323 1802 365 1873 οἷν
408 1810 459 1873 καί
503 1812 776 1891 παραλελειμμένων
813 1809 987 1892 ἀναγκαίων
1025 1805 1123 1873 όντων
1159 1816 1195 1895 τῇ
1233 1803 1386 1871 όποθέσει.

256 1916 335 1975 Tum
352 1924 454 1975 autem
469 1917 657 1978 somniorum
672 1918 782 1994 exitus,
798 1917 909 1995 quos4)
925 1915 964 1976 ad
987 1915 1228 1993 disputationem
1251 1915 1390 1993 priorum

255 2017 405 2078 librorum
427 2039 488 2079 non
512 2019 664 2098 adhibuit,
687 2022 749 2078 iam
765 2019 829 2096 IV,
851 2022 984 2077 maxime
1006 2025 1109 2101 autem
1125 2017 1162 2079 V.
1182 2018 1260 2077 libro
1284 2017 1387 2095 copio-

256 2120 376 2181 sissime
406 2120 506 2181 affert.
551 2122 662 2199 ltaque
685 2122 735 2183 his
756 2124 790 2180 in
812 2122 902 2181 libris
925 2120 1073 2180 nonnulla
1095 2124 1213 2180 somnia
1236 2120 1275 2179 ad
1299 2119 1388 2179 Sera·

255 2222 360 2301 pidem
382 2232 414 2284 et
436 2225 657 2308 Aesculapium
679 2225 854 2302 spectantia
876 2225 1087 2283 inveniuntur.
1124 2222 1185 2282 Sed
1207 2225 1388 2301 priusquam

256 2326 295 2386 ad
317 2326 440 2404 singula
461 2328 656 2406 inspicienda
679 2327 870 2404 accedamus,
895 2326 957 2385 alia
980 2325 1121 2403 quaestio
1144 2345 1241 2402 eaque
1263 2324 1390 2384 maximi

254 2430 401 2490 momenti
424 2431 573 2491 solvenda
596 2437 652 2491 est.

258 2514 264 2521 ⁰
337 2535 471 2596 Exstant
506 2535 586 2595 duae
618 2536 756 2595 rationes
788 2535 914 2594 deorum
947 2539 1078 2591 naturae
1112 2529 1340 2610 percipiendae,
1371 2528 1390 2587 α’

252 2631 381 2710 φυσικός
402 2632 490 2715 λόγος
512 2645 544 2698 et
566 2630 585 2697 ό
606 2633 738 2712 μυθικός
760 2636 828 2697 sive
850 2630 926 2695 κατοὶ
948 2630 1003 2711 τήν
1025 2633 1157 2712 ἱστορίαν
1179 2628 1275 2712 λόγος.
1313 2633 1387 2692 Hae

252 2737 373 2798 duobus
395 2739 472 2799 locis
494 2760 556 2800 una
579 2739 766 2800 afferuntur:
790 2739 824 2798 Π
843 2740 884 2798 39
895 2739 917 2816 5)
941 2739 980 2798 de
1002 2736 1159 2815 Serapide,
1182 2732 1276 2810 Iside,
1299 2734 1385 2794 Anu·

251 2839 333 2916 bide,
360 2841 554 2918 Harpocrate
584 2861 683 2901 sermo
714 2841 758 2919 fit,
787 2840 842 2918 qui
870 2860 920 2901 res
952 2838 1101 2900 adversas
1131 2836 1317 2916 significant,
1348 2856 1386 2896 ex

253 2943 367 3019 quibus
399 2951 503 3003 tamen
534 2947 627 3004 etiam
650 2944 800 3022 eripiunt;
828 2939 981 3023 ἐξαιρέτως
1004 2938 1035 3001 δέ
1057 2935 1093 3001 τοί
1116 2935 1265 3019 μυστήρια
1286 2936 1389 2999 αὐτῶν

254 3043 390 3116 πένθους
420 3043 480 3105 ἐστὶ
507 3040 681 3122 οημαντικό·
711 3044 761 3106 ιιαλ
785 3040 840 3125 γιίρ
862 3043 890 3104 εί
910 3042 960 3104 καί
985 3035 1003 3103 ό
1025 3038 1156 3118 φυσικός
1178 3036 1277 3102 αὐτῶν
1298 3036 1386 3123 λόγος

253 3141 322 3209 όίλλο
353 3171 381 3209 τι
412 3147 545 3228 περιέχει.
590 3142 608 3209 ό
638 3144 670 3230 γέ
699 3142 833 3225 μυθικός
858 3145 908 3207 καί
931 3140 949 3206 ό
971 3141 1047 3206 nacci
1068 3141 1122 3223 τὴν
1145 3144 1276 3226 ἱστορίαν
1297 3148 1386 3206 τοῦτο

252 3250 411 3313 δείκνυσιν.
436 3289 473 3297 -
498 3252 533 3312 Π
563 3252 638 3332 37⁶)
670 3251 708 3312 de
740 3249 879 3329 Dionyso
910 3249 1030 3328 agitur:
1064 3253 1126 3319 τοῖς
1153 3243 1185 3309 δέ
1215 3242 1268 3309 τόν
1289 3240 1387 3326 οἱβρόν

253 3353 321 3430 βίον
349 3357 418 3428 ζῶσι
448 3355 498 3414 καί
529 3349 653 3432 μάλιστα
683 3350 768 3414 παισί
801 3344 930 3433 ταραχοίς
959 3349 1010 3413 καί
1044 3347 1207 3421 κινδύνους
1241 3347 1292 3409 nui
1321 3348 1386 3410 ἐπι·

254 3451 365 3531 βοολαίς
395 3455 446 3516 καὶ
472 3453 661 3537 περιβοήσεις
683 3457 819 3535 σημαίνει
841 3450 892 3517 διό
913 3450 968 3534 τήν
990 3452 1057 3534 περὶ
1080 3448 1131 3516 τόν
1153 3448 1230 3513 θεόν
1253 3450 1386 3530 ἱστορίαν

255 3556 304 3617 καὶ
327 3553 377 3618 διὰ
399 3555 452 3619 τόν
474 3555 604 3633 φυσικόν
625 3556 715 3641 λόγου
737 3561 791 3620 τοῦ
814 3552 973 3619 Διονύσου.

340 3661 387 3722 De
409 3664 541 3741 physica
562 3667 683 3726 ratione
695 3664 717 3741 ⁷)
741 3662 848 3724 Cicero
872 3662 911 3723 de
933 3670 997 3722 nat.
1020 3662 1102 3721 deor.
1132 3660 1237 3737 1124,
1259 3677 1286 3720 es
1307 3658 1387 3718 haec

253 3785 306 3791 ᾖ
340 3832 364 3898 l)
381 3787 484 3885 De—his
502 3830 538 3886 cl.
556 3831 716 3903 Baumgart,
733 3851 760 3904 p.
780 3833 838 3889 125.

290 3999 297 4013 ⁹
338 3914 366 3978 2)
383 3933 410 3986 p.
429 3916 488 3971 500.
500 3917 563 3983 501;
582 3917 617 3971 cf.
630 3916 731 3972 Tibull.
744 3917 759 3971 I
773 3920 799 3986 3,
811 3918 854 3973 27.
879 3917 923 3972 De
934 3914 1017 3970 Isidis
1034 3913 1062 3968 vi
1081 3911 1206 3967 medendi
1219 3910 1255 3966 ci.
1268 3909 1385 3965 Ritters·

252 3997 327 4067 42¹ss,
337 4018 371 4156 dl
382 4003 487 4157 pigliiS,
508 4106 546 4143 ιι.
847 4090 875 4156 4)
893 4087 928 4142 ci.
946 4087 978 4141 II
996 4087 1031 4139 44
1047 4084 1140 4139 locum
1158 4098 1242 4152 supra
1259 4081 1384 4136 allatum.

337 4174 363 4241 5)
379 4191 407 4244 p.
426 4175 485 4241 145,
504 4189 517 4228 e
537 4190 577 4245 sq.
887 4173 1130 4243 61p.141,1sq.

251 4340 300 4398 ΠΙ
325 4260 363 4397 214)
379 4258 417 4401 σοί8
433 4259 530 4327 Zeller,
548 4259 652 4315 Philus.
669 4258 697 4316 d.
715 4258 849 4316 Grieehen
867 4257 923 4326 111,
944 4275 967 4324 1,
988 4275 1016 4328 p.
1034 4254 1093 4311 323.
1117 4253 1166 4310 Cic
1183 4252 1218 4308 de
1234 4257 1291 4307 nat.
1309 4250 1383 4306 deor.

301 4381 309 4409 l
361 4384 368 4410 7
421 4384 428 4399 ·
