3254 4890
680 377 722 387 -
767 340 893 404 14.-

224 527 423 605 interpretari
453 530 578 605 poterit.
630 527 743 604 Itaque
773 530 950 606 quicunque
980 529 1012 589 in
1045 528 1235 590 Artemidori
1267 529 1356 591 libris

224 629 343 708 aliquid
376 629 544 707 desiderat,
578 650 596 689 a
628 630 780 708 scriptore
813 631 1004 709 admonetur,
1037 638 1073 691 ut
1105 632 1181 707 quid
1212 631 1357 709 quodque

224 732 376 793 somnium
413 730 583 810 significet⁸
606 734 674 810 ipse
711 733 854 809 exquirat
864 732 896 812 ¹).
950 733 1100 811 Exempla
1133 733 1166 793 in
1199 736 1357 813 prooemio

223 835 297 895 libri
311 834 359 895 IV
369 835 393 914 2)
408 834 553 912 praebet:
576 828 654 909 πρός
675 829 708 892 di
730 828 802 904 ιοάς
823 827 865 910 μή
887 829 985 893 πάντα
1008 829 1358 915 ἐξειργάσθαιλὲγοντας

224 936 276 997 καὶ
305 933 376 1008 τούς
405 960 470 996 τινα
497 940 734 1015 παραλελεῖφθαι
756 935 833 1015 ἐρεῖς
855 926 902 998 iias
924 932 986 997 iad
1010 957 1085 998 τιοιυ
1107 933 1199 1015 ὅμοια
1221 932 1293 997 ὄντα
1317 931 1358 1008 ὥς

225 1036 376 1120 εὔγνωστα
391 1033 652 1121 παραλέλειπταιῆ
671 1036 728 1100 οὐκ
751 1038 941 1121 ἐξείργασται,
966 1035 1007 1113 οἷς
1029 1035 1174 1117 στρόφιον
1196 1036 1356 1116 διαδήματι

225 1141 278 1203 καὶ
304 1136 401 1221 λαγολς
431 1137 532 1224 ἐλάφῳ
561 1139 614 1201 καὶ
642 1135 775 1220 κάμηλος
804 1136 940 1218 ἐλέφαντι
965 1142 1014 1202 καλ
1045 1126 1156 1222 κρόκος
1178 1140 1284 1222 μύροις
1306 1140 1356 1202 καὶ

224 1240 281 1306 ὅσα
311 1237 381 1304 itta
411 1241 490 1303 ἐστὶν
516 1239 626 1320 εὐώδη,
657 1243 708 1303 uui
730 1238 776 1304 ὅτι
805 1249 906 1322 χοῖρος
934 1243 985 1305 καλ
1017 1238 1139 1322 ὄρνιθες
1160 1251 1223 1317 τοῖς
1245 1243 1357 1306 ἑαυτῶν

224 1345 311 1423 σαρξὶ
337 1342 390 1406 riv
419 1340 512 1406 αὐτόν
541 1344 641 1423 ἔχουσι
670 1340 768 1427 λόγον.
805 1346 875 1420 -Qui
896 1348 956 1409 hoc
978 1349 1069 1409 modo
1091 1350 1188 1410 libros
1211 1348 1355 1427 supplere

224 1451 301 1527 vnlt,
331 1470 401 1510 eum
429 1468 557 1510 necesse
588 1456 636 1509 est
665 1442 698 1508 τά
721 1447 832 1509 οἰκεῖον
842 1450 865 1528 ⁸)
896 1470 1000 1510 earum
1030 1461 1131 1512 rerum
1160 1471 1239 1528 quae
1261 1451 1351 1511 inter·

224 1552 393 1632 pretendas
424 1558 497 1612 sunt
528 1552 607 1611 bene
637 1555 724 1612 scire.
769 1551 880 1628 Itaque
909 1556 961 1630 qui
992 1554 1030 1613 de
1059 1553 1244 1615 animalibus
1267 1553 1357 1633 plura

225 1674 411 1733 cognoscere
444 1653 559 1730 studet,
592 1673 686 1732 opera
714 1654 881 1732 aoologica,
912 1655 965 1732 qui
987 1655 1026 1715 de
1048 1656 1172 1739 plantis,
1206 1655 1357 1717 eiusmodi

184 1758 186 1763 ’
225 1778 327 1837 opera,
350 1757 402 1834 qui
425 1757 464 1816 de
486 1756 730 1833 medicamentis,
752 1756 941 1817 medicorum
964 1757 1062 1818 libros
1085 1759 1233 1819 consulet.
1264 1759 1355 1819 Arte·

224 1860 362 1921 midorus
376 1859 440 1919 filio
456 1858 577 1937 suadet,
599 1866 635 1918 ut
650 1857 763 1919 studiis
779 1859 856 1919 artis
878 1859 1017 1920 medicae
1039 1880 1073 1921 se
1096 1858 1217 1921 imbuat
1228 1862 1260 1938 4).
1294 1860 1355 1920 Sed

224 1964 251 2025 si
276 1963 377 2024 omnia
404 1962 449 2022 ita
478 1982 512 2022 se
542 1962 669 2038 habent,
699 1982 773 2022 num
795 1961 1015 2040 dubitabimus,
1042 1962 1116 2039 quin
1139 1963 1355 2024 Artemidorus

224 2070 291 2146 ipse
307 2086 401 2145 opera
415 2065 546 2125 aliarum
557 2070 680 2143 praeter
692 2065 919 2125 onirocriticam
932 2046 1144 2126 doctrinarum
1160 2065 1357 2126 adhibuerit?

224 2171 273 2230 De
296 2190 357 2247 qua
379 2188 413 2228 re
435 2166 517 2227 infra
538 2167 639 2227 fusius
662 2167 721 2227 erit
744 2167 906 2245 agendum.

311 2290 355 2349 At
382 2309 445 2348 non
475 2289 574 2348 solum
603 2292 686 2347 inter
707 2287 847 2365 singulas
871 2286 1086 2348 onirocriticae
1109 2307 1160 2348 res
1182 2287 1260 2347 haec
1283 2308 1356 2347 ana-

224 2392 326 2470 logiae
355 2391 406 2450 lex
435 2390 603 2451 statuenda
629 2400 686 2467 est,
708 2390 764 2451 sed
787 2395 879 2450 etiam
902 2394 985 2450 inter
1007 2388 1132 2450 diversa
1154 2390 1355 2450 divinationis

224 2493 380 2573 genera5).
425 2492 536 2553 Omnia
564 2493 642 2553 haec
672 2512 786 2570 genera
814 2493 876 2552 iam
905 2492 997 2552 tertio
1030 2513 1056 2552 a.
1080 2491 1151 2552 Chr.
1173 2513 1203 2552 n.
1232 2492 1355 2553 saeculo

224 2601 256 2658 in
287 2618 381 2657 unum
411 2617 489 2676 opus
519 2596 677 2673 redegisse
699 2595 824 2655 videtur
846 2595 1122 2655 Philochorus
1145 2594 1355 2673 Atheniensis,

223 2836 300 2902 φύσιν
323 2833 426 2893 διεστὸς
451 2832 614 2900 μετάγοντας,
642 2831 700 2896 105,
726 2846 766 2884 ie.
806 2829 1049 2900 παραλαμβάνοντας
1074 2831 1120 2883 καὶ
1141 2830 1174 2885 τά
1199 2827 1277 2898 ὅμοια
1301 2837 1357 2889 ταῖς

224 2918 381 2989 άτοβάσεσιν
400 2918 458 2983 120,
478 2934 500 2972 o.
536 2914 686 2984 desinitur
703 2915 769 2970 κατά
788 2913 816 2968 ri
837 2915 927 2969 οἰκεῖον
944 2914 987 2980 26,
1007 2932 1029 2971 ο.

312 3005 337 3067 l)
354 3021 380 3073 p.
398 3003 441 3068 23,
461 3019 491 3068 o;
508 3001 569 3066 235,
589 3016 629 3055 aa.
938 3000 965 3069 2)
982 3019 1008 3070 p.
1029 3001 1087 3067 199,
1105 3003 1129 3056 6.

311 3090 338 3157 3)
355 3105 382 3159 p.
400 3087 443 3153 26,
462 3104 485 3140 5.
938 3086 965 3153 4)
983 3102 1011 3155 p.
1029 3085 1089 3151 215,
1110 3100 1150 3140 12.

311 3175 337 3242 5)
356 3173 467 3228 Praeter
489 3169 697 3226 Artemidorum
721 3172 755 3239 (v.
773 3170 803 3239 i.)
827 3186 961 3240 magnum
981 3169 1081 3225 horum
1105 3186 1250 3225 numemm
1273 3169 1356 3224 affert

224 3260 327 3315 Pollux
338 3257 476 3313 V11188:
495 3255 610 3323 α’γάρται,
624 3253 791 3322 μηναγύρται,
805 3251 940 3322 άγυρτική,
958 3251 1083 3323 druppis,
1101 3251 1225 3321 άγελρειν.
1245 3255 1355 3321 μάντεις,

223 3344 427 3414 άλφιτομάντεις,
457 3339 649 3408 αἀτρομάντεις,
678 3341 863 3406 νυκτομάντεις,
895 3338 1093 3407 στερνομάντεις,
1122 3338 1356 3406 σφονδυλομάντεις,

225 3430 428 3498 α’λευρομάντεις,
454 3425 659 3493 κοσκινομάντεις
681 3425 710 3480 δὲ
735 3427 823 3492 εἴρηκε
841 3425 1006 3493 Φιλιππίδης,
1030 3423 1140 3493 Μάγνης
1165 3423 1195 3477 δὲ
1213 3424 1239 3476 ἐν
1262 3427 1357 3481 Λυδοῖς

223 3515 437 3583 “ο’νειρομάντεσιν,
465 3507 617 3572 άναλιλταιά.
658 3509 834 3576 ὀνειροκρισλα,
863 3505 1024 3576 ὀνειροπόλοι,
1053 3507 1189 3577 ὀνειράτων
1215 3509 1357 3577 ὑποκριταί.

224 3599 398 3668 άρνεοσκὸετοι,
426 3597 561 3662 οἰωνιοταλ,
583 3593 769 3662 ὄρνιθοακὸιτοι,
793 3594 946 3649 οἰωνοιτάλοι.
991 3594 1074 3654 θύται,
1100 3594 1243 3662 pontiva,
1270 3594 1357 3663 μάγοι,

224 3689 326 3755 γόητες,
351 3686 482 3752 ἐξηγηταί,
504 3682 639 3748 zuinprod,
657 3682 782 3735 τελεσταί.
800 3678 958 3747 άτομάιιται,
976 3677 1156 3747 άπομάκτριαι,
1174 3680 1264 3735 καὶτὸ
1284 3682 1357 3748 ῥῆμα

225 3771 396 3839 αἀομάξομεν.
420 3768 613 3835 recorrectionis,
626 3767 795 3834 τερατολογλα,
814 3765 980 3832 τερατογονία,
997 3766 1078 3830 τιμῶν
1096 3763 1239 3832 irruperat,
1257 3762 1303 3834 ἄρ’
1323 3757 1357 3818 civ

224 3858 269 3911 καλ
294 3855 322 3911 ri
350 3853 541 3921 recurriaoioc
577 3850 775 3916 cooperamur,
803 3851 998 3915 θαυματοποιία,
1029 3850 1167 3915 θαυμάτων
1198 3851 1356 3918 δημιουργοί.

224 3942 407 3998 Philochorus
420 3940 444 3993 iv
457 3941 491 4006 τῇ
504 3934 605 3992 ’Arbita
618 3937 688 3992 Poll
700 3936 730 3989 X
743 3938 784 3991 71.
797 3967 831 3974 -
845 3934 973 3989 Recentis
985 3933 1083 3988 aetatis
1096 3951 1166 4004 opus
1179 3933 1253 4004 quod
1265 3934 1357 3988 omnia

224 4029 282 4083 iere
299 4045 399 4099 genera
415 4023 594 4079 divinationis
611 4022 810 4093 complectitur,
829 4020 938 4090 scripsit
950 4020 1031 4089 Caep.
1046 4019 1158 4084 Peucer,
1172 4019 1356 4074 commentar.

223 4115 259 4169 de
280 4114 433 4185 praecipuis
456 4110 659 4166 divinationum
679 4106 834 4179 generibus,
858 4105 988 4161 Pheneos.
1006 4121 1113 4175 recogn.
1132 4104 1221 4158 ultim.
1239 4109 1268 4158 et
1284 4108 1355 4156 auct.

226 4201 301 4255 1607.
337 4199 446 4255 Genera
470 4201 613 4252 enumerat
631 4194 784 4260 Fabricius,
803 4191 934 4261 Bibliogr.
952 4190 1047 4262 Antiq.
1066 4208 1093 4261 p.
1111 4190 1257 4245 593-613.
1292 4188 1357 4241 Bre-

225 4287 295 4340 viter
312 4285 441 4339 tractavit
453 4284 484 4338 0.
498 4283 533 4338 A.
548 4282 679 4351 Bdttiger,
698 4279 782 4334 Ideen
796 4295 846 4332 zur
857 4275 1138 4346 Kunst·Mythologie
1150 4274 1174 4339 I,
1187 4291 1213 4344 p.
1226 4273 1356 4329 60-118.
