3254 4890
707 311 919 375 -23-

251 519 378 580 prorsus
393 500 461 558 loco
477 502 618 559 movisse.
654 498 734 559 Nam
749 499 782 557 in
804 499 896 559 huius
919 499 1068 577 temporis
1091 498 1191 559 titulis
1213 500 1385 559 sanationis

251 602 467 664 incubantium
489 602 608 660 nullum
631 601 798 679 vestigium
820 604 996 662 invenimus
1006 602 1025 651 1²
1037 601 1071 683 2).

339 703 429 764 Nunc
452 710 500 764 est
523 703 750 782 inquirendum,
774 725 833 781 quo
856 705 890 764 in
911 724 1026 782 genere
1048 707 1235 764 somniorum
1257 706 1386 780 antiqua

254 800 363 881 ἰάματα
389 805 571 884 Aesculapii
601 807 792 866 numeranda
822 807 893 868 sint
938 807 977 866 In
1005 809 1045 867 iis
1075 807 1202 867 somniis
1232 827 1310 884 quae
1344 807 1384 866 ad

253 907 359 969 futura
381 914 533 987 spectant,
563 916 598 968 ut
620 901 742 986 ὄνειρος,
774 903 882 987 ὅραμα,
904 903 1113 987 χρηματισμός,
1140 916 1224 969 certe
1246 930 1308 968 non
1330 909 1384 968 ha·

254 1012 322 1072 beri
354 1019 485 1089 possunt
492 1033 499 1087 ;
531 1031 602 1071 nam
634 1011 668 1070 id
703 1012 784 1088 quod
817 1011 971 1073 incubans
1004 1010 1091 1087 vidit,
1125 1031 1246 1093 semper
1276 1011 1385 1071 eodem

254 1120 391 1191 tempore
422 1113 565 1174 efficitur.
609 1115 689 1175 Nam
718 1114 751 1173 id
780 1113 863 1192 quod
885 1114 1102 1175 Artemidorus
1126 1115 1253 1192 exponit
1274 1115 1292 1173 I
1314 1112 1384 1195 2³):

255 1212 292 1277 οὐ
316 1211 371 1296 γάρ
401 1236 473 1277 ποτε
502 1214 565 1294 ἐρεῖ
592 1238 635 1287 τις
658 1208 699 1286 είς
721 1211 758 1275 οὐ
781 1210 854 1293 parci
876 1211 931 1296 τήν
952 1211 1034 1294 ὄψιν·
1049 1210 1145 1293 αὐτὴν
1168 1212 1327 1294 ἀποβαίνει
1348 1210 1385 1278 τοί

252 1321 376 1379 τοιαῦτα
406 1313 472 1379 οὐδ’
501 1314 601 1399 ὀλίγον
632 1318 828 1395 διαλείποντα,
859 1314 919 1398 ἤδη
949 1316 982 1380 δὲ
1012 1315 1113 1380 αὐτῶν
1143 1317 1207 1380 ἔνια
1228 1312 1291 1396 tipo
1315 1314 1385 1397 νοή-

254 1443 323 1497 ματι
340 1414 381 1491 ὥς
403 1419 496 1481 εἰπεῖν
518 1419 560 1481 ἔτι
582 1423 635 1497 τῆς
658 1415 759 1498 ὅψεως
779 1418 961 1500 κατεχούσης
982 1427 1164 1502 περαιοῦται,
1186 1422 1386 1484 manifestum

255 1532 303 1585 est
328 1524 615 1587 mathematicorum
637 1527 670 1584 in
692 1545 807 1585 morem
829 1527 1039 1604 excogitatum
1062 1546 1138 1602 esse,
1162 1530 1215 1603 qui
1238 1524 1385 1586 differen-

255 1631 331 1687 tiam
363 1627 462 1705 magis
498 1632 659 1706 magisque
688 1633 838 1689 minutam
868 1628 908 1689 ad
937 1629 1069 1689 nihilum
1097 1628 1235 1688 recidere
1265 1628 1386 1689 docent.

255 1730 324 1790 Ηοο
346 1750 416 1789 raro
438 1729 506 1790 fieri
526 1731 742 1792 Artemidorus
764 1731 832 1808 ipse
855 1752 924 1793 cum
947 1729 1012 1792 ἔνια
1033 1730 1122 1791 addit
1143 1738 1277 1792 testatur
1300 1739 1331 1792 et
1353 1732 1387 1791 id

256 1832 456 1910 cogitandum
471 1839 519 1893 est
533 1854 634 1910 neque
648 1834 878 1894 Artemidorum
901 1834 1013 1913 capitis
1035 1833 1124 1893 initio
1147 1854 1247 1911 neque
1266 1835 1387 1896 Macro-

255 1935 342 1995 bium
352 1933 378 2016 4)
408 1935 539 1996 visionis
566 1936 707 2014 exempla
736 1944 952 1997 enumerantes
973 1938 1036 1997 tale
1059 1936 1211 1996 somnium
1233 1937 1388 1998 exhibere.

256 2037 368 2115 Itaque
391 2037 469 2097 haec
496 2032 606 2112 ίιὶματα
631 2039 664 2097 in
693 2038 772 2098 illud
801 2059 909 2117 genus,
939 2039 989 2098 cui
1011 2036 1153 2099 ἐνύπνιον
1176 2046 1208 2098 et
1230 2035 1388 2115 φοίντασμα

257 2140 477 2218 attribuuntur,
499 2140 665 2201 inserenda
687 2148 785 2202 erunt.

342 2241 404 2302 Sed
432 2242 620 2326 insomnia5)
642 2265 704 2305 non
727 2265 795 2305 esse
817 2244 924 2304 statim
947 2251 1085 2324 apparet,
1108 2248 1136 2305 si
1158 2244 1389 2306 consideramus

257 2340 383 2405 ἐνύπνια
414 2366 452 2406 ex
484 2351 622 2425 corporis
653 2347 720 2409 sive
752 2350 873 2409 animae
895 2350 996 2426 ipsius
1019 2347 1200 2408 condicione
1221 2347 1315 2408 rebus
1339 2367 1390 2407 ax-

255 2450 354 2509 ternis
387 2449 480 2527 plane
515 2450 699 2511 absentibus
732 2451 806 2511 oriri
840 2461 872 2512 at
901 2444 982 2529 ‘post
1013 2451 1165 2511 somnium
1193 2450 1310 2509 nullam
1339 2454 1389 2510 sui

255 2551 426 2612 utilitatem
448 2553 499 2613 vel
521 2553 781 2630 significationem
802 2553 996 2631 relinquere'.
1033 2553 1146 2629 Itaque
1168 2553 1268 2612 solum
1289 2560 1390 2613 restat

257 2646 416 2730 φάντασμα
428 2654 452 2735 6)
477 2659 565 2716 cuius
581 2662 723 2717 naturam
737 2657 914 2718 Macrobius
936 2657 981 2717 ita
1003 2653 1203 2734 describit⁷):
1227 2638 1393 2731 φάντασμα

257 2773 335 2825 acro,
369 2757 423 2815 loc
452 2768 496 2816 cst
521 2763 621 2831 visum,
653 2779 717 2818 cum
748 2763 824 2819 rbter
856 2761 985 2836 vigilium
1017 2767 1048 2817 ct
1067 2758 1196 2817 adultam
1219 2760 1337 2834 quictem
1359 2762 1390 2816 in

257 2859 390 2933 quadam,
424 2868 457 2918 at
484 2863 578 2932 ciunt,
610 2864 708 2938 prima
730 2865 826 2921 somni
844 2861 949 2920 nebula
971 2861 1065 2919 adhuc
1087 2880 1118 2917 re
1139 2859 1271 2935 vigilare·
1287 2863 1390 2918 θείατ’-

259 2980 349 3033 maur,
368 2963 421 3040 qui
441 2962 567 3021 dormire
589 2965 639 3022 via
660 2967 765 3041 coepit,
791 2945 922 3042 aspicere
943 2962 1055 3021 ci‘detur
1076 2965 1220 3021 irruenter
1241 2965 1271 3021 ia
1293 2982 1325 3021 rc
1346 2953 1393 3022 ccl

254 3068 365 3143 possim
389 3074 528 3142 vagantes
541 3065 661 3143 formas
683 3085 701 3124 a
723 3077 830 3125 nutura
853 3087 903 3125 ιεα
926 3067 1122 3142 magnitudine
1142 3084 1193 3124 reu
1214 3067 1309 3141 specie
1330 3066 1390 3124 dis-
1427 3064 1433 3082 ²

258 3171 609 3246 armamentariisque
632 3178 812 3246 τεταρταίοισι
834 3188 930 3227 rerum
954 3169 1000 3226 ccl
1022 3168 1113 3227 Icelus
1134 3169 1181 3227 vel
1201 3168 1389 3226 turbulentus.

257 3272 292 3331 Ια
322 3271 376 3330 hoe
404 3292 512 3350 genere
541 3283 585 3331 τοι
614 3265 752 3347 ἐπιοίλτης
761 3269 787 3352 ⁸)
811 3292 836 3332 ε.
860 3292 888 3348 q.
912 3290 935 3330 s.
979 3269 1047 3330 Iam
1075 3271 1109 3330 in
1130 3271 1189 3331 hac
1212 3269 1390 3330 definItione

257 3376 347 3435 vides
363 3375 440 3436 duas
454 3380 569 3454 ,partes
590 3374 694 3435 inesse
715 3377 797 3434 inter
820 3394 853 3433 se
876 3373 1031 3434 diversas:
1054 3376 1186 3450 primum
1209 3374 1290 3431 enim
1313 3372 1390 3432 dicit

259 3476 439 3538 Macrobius
471 3478 540 3539 visa
571 3479 654 3538 inter
682 3477 823 3555 vigiliam
855 3482 886 3536 et
916 3480 1068 3540 somnium
1097 3475 1179 3552 oriri,
1206 3482 1273 3535 tum
1303 3483 1391 3534 extra

346 3646 372 3713 1)
388 3644 493 3699 Zacher
509 3644 528 3698 l.
547 3662 571 3700 a

345 3729 621 3800 alienationibus
647 3729 782 3802 Epidauri
807 3731 927 3785 inventis
953 3728 1073 3806 concidit
1103 3728 1173 3783 ratio
1199 3725 1391 3781 Ritterslrainii

258 3833 286 3886 p.
304 3818 347 3882 57,
370 3816 417 3886 qui
440 3814 574 3870 miracula
592 3816 641 3871 illa
657 3818 731 3872 circa
748 3815 813 3871 chr.
830 3834 858 3870 n.
876 3814 1013 3870 crebriora
1030 3830 1114 3884 quam
1131 3819 1212 3867 antea
1228 3811 1313 3867 fuisso
1330 3828 1391 3866 cen·

259 3901 324 3968 suit,
342 3906 374 3955 ut
392 3918 455 3956 cum
473 3900 577 3957 Christi
594 3902 733 3958 miraculis
751 3906 985 3973 compararentur.

346 3990 373 4056 3)
389 4005 415 4058 p.
434 3990 459 4054 5,
479 4004 519 4042 ra.
623 3989 650 4056 4)
668 3988 763 4044 Somn.
782 3987 854 4056 Soip.
872 3986 888 4040 1
906 3988 931 4052 3,
948 3985 973 4040 9.
1071 3987 1098 4053 5)
1117 3984 1211 4040 Somn.
1229 3983 1273 4040 Sc.
1291 3983 1306 4037 I
1323 3986 1349 4050 3,
1366 3984 1392 4038 4.

346 4075 372 4142 6)
388 4074 509 4128 Krauss:
525 4073 618 4140 „eitles
632 4071 893 4137 Phantasiestiick“;
908 4069 1063 4138 Odcrlssus.
1077 4088 1104 4141 p.
1118 4070 1193 4137 871):
1207 4068 1392 4136 „Phantasien

259 4160 289 4214 in
305 4159 494 4215 halbwachem
511 4157 678 4213 Zustande“.
704 4158 800 4213 Falso:
818 4156 887 4211 haec
904 4160 971 4218 sunt
988 4157 1140 4224 φαντασίαις
1159 4156 1220 4209 Art.
1239 4172 1266 4225 p.
1276 4154 1336 4220 261,
1351 4170 1391 4208 ει.

259 4240 348 4314 ἄλογοι
365 4245 503 4312 φαντασίαι
520 4262 547 4315 p.
565 4243 625 4311 200,
644 4261 667 4298 ι.

347 4333 372 4401 7)
390 4331 484 4387 Somn.
503 4329 577 4400 Scip.
594 4328 609 4382 I
627 4331 653 4396 3,
671 4331 696 4383 7.
902 4327 930 4397 8)
948 4326 982 4382 de
998 4327 1052 4382 hoc
1070 4332 1165 4397 postca
1182 4326 1339 4381 disseretur.
