<?xml version="1.0" encoding="UTF-8"?>
<!DOCTYPE html PUBLIC "-//W3C//DTD XHTML 1.0 Transitional//EN"
    "http://www.w3.org/TR/xhtml1/DTD/xhtml1-transitional.dtd">
<html xmlns="http://www.w3.org/1999/xhtml" xml:lang="en" lang="en">
 <head>
  <title>
</title>
<meta http-equiv="Content-Type" content="text/html;charset=utf-8" />
  <meta name='ocr-system' content='tesseract 3.04.00' />
  <meta name='ocr-capabilities' content='ocr_page ocr_carea ocr_par ocr_line ocrx_word'/>
</head>
<body>
  <div class='ocr_page' id='page_1' title='image "./adartisveterumo00fiscgoog_0064.png"; bbox 0 0 3254 4890; ppageno 0'>
   <div class='ocr_carea' id='block_1_1' title="bbox 713 337 927 401">
    <p class='ocr_par' dir='ltr' id='par_1_1' title="bbox 713 337 927 401">
     <span class='ocr_line' id='line_1_1' title="bbox 713 337 927 401; baseline -0.005 -19"><span class='ocrx_word' id='word_1_1' title='bbox 713 337 927 401; x_wconf 75' lang='grc'>...41-</span> 
     </span>
    </p>
   </div>
   <div class='ocr_carea' id='block_1_2' title="bbox 252 524 1387 705">
    <p class='ocr_par' dir='ltr' id='par_1_2' title="bbox 252 524 1387 705">
     <span class='ocr_line' id='line_1_2' title="bbox 252 524 1387 604; baseline 0 -19"><span class='ocrx_word' id='word_1_2' title='bbox 252 524 527 604; x_wconf 82' lang='lat' dir='ltr'>physiognomicae</span> <span class='ocrx_word' id='word_1_3' title='bbox 548 525 707 586; x_wconf 87' lang='lat' dir='ltr'>doctrinae</span> <span class='ocrx_word' id='word_1_4' title='bbox 722 525 858 603; x_wconf 79' lang='lat' dir='ltr'>vestigia</span> <span class='ocrx_word' id='word_1_5' title='bbox 880 526 1029 587; x_wconf 76' lang='lat' dir='ltr'>exhibent</span> <span class='ocrx_word' id='word_1_6' title='bbox 1051 525 1218 603; x_wconf 81' lang='lat' dir='ltr'>scriptores</span> <span class='ocrx_word' id='word_1_7' title='bbox 1241 526 1387 586; x_wconf 90' lang='lat' dir='ltr'>animalia</span> 
     </span>
     <span class='ocr_line' id='line_1_3' title="bbox 252 628 1386 705; baseline -0.001 -17"><span class='ocrx_word' id='word_1_8' title='bbox 252 649 314 688; x_wconf 92' lang='lat' dir='ltr'>non</span> <span class='ocrx_word' id='word_1_9' title='bbox 338 636 532 689; x_wconf 85' lang='lat' dir='ltr'>curaverunt</span> <span class='ocrx_word' id='word_1_10' title='bbox 576 630 688 705; x_wconf 90' lang='lat' dir='ltr'>Itaque</span> <span class='ocrx_word' id='word_1_11' title='bbox 704 648 783 705; x_wconf 88' lang='lat' dir='ltr'>quae</span> <span class='ocrx_word' id='word_1_12' title='bbox 798 629 875 688; x_wconf 87' lang='lat' dir='ltr'>talia</span> <span class='ocrx_word' id='word_1_13' title='bbox 888 628 957 691; x_wconf 90' lang='lat' dir='ltr'>loco</span> <span class='ocrx_word' id='word_1_14' title='bbox 981 628 1080 689; x_wconf 85' lang='lat' dir='ltr'>allato</span> <span class='ocrx_word' id='word_1_15' title='bbox 1098 631 1231 689; x_wconf 87' lang='lat' dir='ltr'>maxime</span> <span class='ocrx_word' id='word_1_16' title='bbox 1253 634 1286 688; x_wconf 91' lang='lat' dir='ltr'>et</span> <span class='ocrx_word' id='word_1_17' title='bbox 1308 628 1386 688; x_wconf 93' lang='lat' dir='ltr'>alias</span> 
     </span>
    </p>
   </div>
   <div class='ocr_carea' id='block_1_3' title="bbox 253 730 1483 810">
    <p class='ocr_par' dir='ltr' id='par_1_3' title="bbox 253 730 1483 810">
     <span class='ocr_line' id='line_1_4' title="bbox 253 730 1483 810; baseline 0 -18"><span class='ocrx_word' id='word_1_18' title='bbox 253 730 370 809; x_wconf 88' lang='lat' dir='ltr'>passim</span> <span class='ocrx_word' id='word_1_19' title='bbox 392 736 566 808; x_wconf 86' lang='lat' dir='ltr'>occurrunt,</span> <span class='ocrx_word' id='word_1_20' title='bbox 595 730 736 809; x_wconf 87' lang='lat' dir='ltr'>iamper</span> <span class='ocrx_word' id='word_1_21' title='bbox 757 750 791 791; x_wconf 90' lang='lat' dir='ltr'>se</span> <span class='ocrx_word' id='word_1_22' title='bbox 813 730 854 791; x_wconf 89' lang='lat' dir='ltr'>ad</span> <span class='ocrx_word' id='word_1_23' title='bbox 876 731 1052 810; x_wconf 74' lang='lat' dir='ltr'>scriptores,</span> <span class='ocrx_word' id='word_1_24' title='bbox 1077 730 1133 807; x_wconf 89' lang='lat' dir='ltr'>qui</span> <span class='ocrx_word' id='word_1_25' title='bbox 1155 750 1193 791; x_wconf 88' lang='lat' dir='ltr'>ex</span> <span class='ocrx_word' id='word_1_26' title='bbox 1215 730 1386 793; x_wconf 81' lang='lat' dir='ltr'>Aristotele</span> <span class='ocrx_word' id='word_1_27' title='bbox 1479 777 1483 783; x_wconf 83' lang='lat'>.</span> 
     </span>
    </p>
   </div>
   <div class='ocr_carea' id='block_1_4' title="bbox 252 830 1385 1118">
    <p class='ocr_par' dir='ltr' id='par_1_4' title="bbox 252 830 1385 1118">
     <span class='ocr_line' id='line_1_5' title="bbox 252 830 1385 911; baseline 0 -18"><span class='ocrx_word' id='word_1_28' title='bbox 252 834 431 911; x_wconf 89' lang='lat' dir='ltr'>hauserunt,</span> <span class='ocrx_word' id='word_1_29' title='bbox 446 830 610 894; x_wconf 87' lang='lat' dir='ltr'>referenda</span> <span class='ocrx_word' id='word_1_30' title='bbox 625 841 707 894; x_wconf 89' lang='lat' dir='ltr'>sunt.</span> <span class='ocrx_word' id='word_1_31' title='bbox 739 834 788 894; x_wconf 92' lang='lat' dir='ltr'>De</span> <span class='ocrx_word' id='word_1_32' title='bbox 804 833 984 894; x_wconf 88' lang='lat' dir='ltr'>animalium</span> <span class='ocrx_word' id='word_1_33' title='bbox 1005 833 1143 894; x_wconf 91' lang='lat' dir='ltr'>moribus</span> <span class='ocrx_word' id='word_1_34' title='bbox 1166 840 1260 910; x_wconf 90' lang='lat' dir='ltr'>atque</span> <span class='ocrx_word' id='word_1_35' title='bbox 1281 833 1385 894; x_wconf 90' lang='lat' dir='ltr'>indole</span> 
     </span>
     <span class='ocr_line' id='line_1_6' title="bbox 253 936 1385 1015; baseline -0.002 -18"><span class='ocrx_word' id='word_1_36' title='bbox 253 955 322 997; x_wconf 92' lang='lat' dir='ltr'>cum</span> <span class='ocrx_word' id='word_1_37' title='bbox 354 936 508 1014; x_wconf 89' lang='lat' dir='ltr'>permulta</span> <span class='ocrx_word' id='word_1_38' title='bbox 539 936 624 1015; x_wconf 89' lang='lat' dir='ltr'>apud</span> <span class='ocrx_word' id='word_1_39' title='bbox 644 938 833 1015; x_wconf 85' lang='lat' dir='ltr'>posteriores</span> <span class='ocrx_word' id='word_1_40' title='bbox 855 936 1127 1014; x_wconf 85' lang='lat' dir='ltr'>physiognomicos</span> <span class='ocrx_word' id='word_1_41' title='bbox 1150 945 1275 996; x_wconf 90' lang='lat' dir='ltr'>exstent</span> <span class='ocrx_word' id='word_1_42' title='bbox 1284 936 1316 1012; x_wconf 83' lang='lat'>1),</span> <span class='ocrx_word' id='word_1_43' title='bbox 1347 956 1385 995; x_wconf 88' lang='lat' dir='ltr'>ex</span> 
     </span>
     <span class='ocr_line' id='line_1_7' title="bbox 253 1037 1385 1118; baseline -0.002 -19"><span class='ocrx_word' id='word_1_44' title='bbox 253 1038 473 1117; x_wconf 81' lang='lat' dir='ltr'>Aristophanis</span> <span class='ocrx_word' id='word_1_45' title='bbox 487 1038 568 1098; x_wconf 89' lang='lat' dir='ltr'>libro</span> <span class='ocrx_word' id='word_1_46' title='bbox 584 1039 751 1099; x_wconf 78' lang='lat' dir='ltr'>admodum</span> <span class='ocrx_word' id='word_1_47' title='bbox 768 1060 868 1118; x_wconf 86' lang='lat' dir='ltr'>pauca</span> <span class='ocrx_word' id='word_1_48' title='bbox 890 1047 1015 1101; x_wconf 86' lang='lat' dir='ltr'>servata</span> <span class='ocrx_word' id='word_1_49' title='bbox 1037 1046 1119 1117; x_wconf 80' lang='lat' dir='ltr'>sunt,</span> <span class='ocrx_word' id='word_1_50' title='bbox 1142 1037 1254 1116; x_wconf 87' lang='lat' dir='ltr'>quibus</span> <span class='ocrx_word' id='word_1_51' title='bbox 1277 1039 1385 1098; x_wconf 89' lang='lat' dir='ltr'>ordine</span> 
     </span>
    </p>
   </div>
   <div class='ocr_carea' id='block_1_5' title="bbox 147 1141 1384 1219">
    <p class='ocr_par' dir='ltr' id='par_1_5' title="bbox 147 1141 1384 1219">
     <span class='ocr_line' id='line_1_8' title="bbox 147 1141 1384 1219; baseline 0 -18"><span class='ocrx_word' id='word_1_52' title='bbox 147 1208 149 1210; x_wconf 13' lang='lat' dir='ltr'>v</span> <span class='ocrx_word' id='word_1_53' title='bbox 252 1143 397 1202; x_wconf 92' lang='lat' dir='ltr'>instituto</span> <span class='ocrx_word' id='word_1_54' title='bbox 430 1141 468 1202; x_wconf 92' lang='lat' dir='ltr'>de</span> <span class='ocrx_word' id='word_1_55' title='bbox 501 1141 550 1202; x_wconf 92' lang='lat' dir='ltr'>his</span> <span class='ocrx_word' id='word_1_56' title='bbox 583 1143 678 1203; x_wconf 89' lang='lat' dir='ltr'>rebus</span> <span class='ocrx_word' id='word_1_57' title='bbox 714 1142 886 1219; x_wconf 88' lang='lat' dir='ltr'>disseritur,</span> <span class='ocrx_word' id='word_1_58' title='bbox 915 1143 933 1201; x_wconf 94' lang='grc' dir='ltr'>Ι</span> <span class='ocrx_word' id='word_1_59' title='bbox 965 1143 1100 1201; x_wconf 76' lang='lat'><strong>25-26.</strong></span> <span class='ocrx_word' id='word_1_60' title='bbox 1153 1142 1384 1202; x_wconf 88' lang='lat' dir='ltr'>Antecedentes</span> 
     </span>
    </p>
   </div>
   <div class='ocr_carea' id='block_1_6' title="bbox 247 1244 1384 3070">
    <p class='ocr_par' dir='ltr' id='par_1_6' title="bbox 247 1244 1384 2762">
     <span class='ocr_line' id='line_1_9' title="bbox 250 1244 1384 1323; baseline 0.001 -21"><span class='ocrx_word' id='word_1_61' title='bbox 250 1245 293 1323; x_wconf 59' lang='grc' dir='ltr'>ξς</span> <span class='ocrx_word' id='word_1_62' title='bbox 316 1245 421 1303; x_wconf 81' lang='lat'><strong>2-22</strong></span> <span class='ocrx_word' id='word_1_63' title='bbox 449 1264 520 1305; x_wconf 88' lang='lat' dir='ltr'>cum</span> <span class='ocrx_word' id='word_1_64' title='bbox 541 1244 666 1305; x_wconf 84' lang='lat' dir='ltr'>Aeliani</span> <span class='ocrx_word' id='word_1_65' title='bbox 687 1245 738 1304; x_wconf 91' lang='lat' dir='ltr'>XI</span> <span class='ocrx_word' id='word_1_66' title='bbox 760 1247 801 1305; x_wconf 80' lang='lat'>37</span> <span class='ocrx_word' id='word_1_67' title='bbox 825 1245 998 1306; x_wconf 88' lang='lat' dir='ltr'>conferenti</span> <span class='ocrx_word' id='word_1_68' title='bbox 1019 1245 1128 1305; x_wconf 91' lang='lat' dir='ltr'>miram</span> <span class='ocrx_word' id='word_1_69' title='bbox 1150 1244 1232 1305; x_wconf 87' lang='lat' dir='ltr'>inter</span> <span class='ocrx_word' id='word_1_70' title='bbox 1255 1264 1291 1304; x_wconf 89' lang='lat' dir='ltr'>ea</span> <span class='ocrx_word' id='word_1_71' title='bbox 1313 1263 1384 1304; x_wconf 92' lang='lat' dir='ltr'>con-</span> 
     </span>
     <span class='ocr_line' id='line_1_10' title="bbox 250 1346 1384 1426; baseline -0.002 -19"><span class='ocrx_word' id='word_1_72' title='bbox 250 1349 427 1408; x_wconf 90' lang='lat' dir='ltr'>sensionem</span> <span class='ocrx_word' id='word_1_73' title='bbox 442 1366 511 1408; x_wconf 88' lang='lat' dir='ltr'>esse</span> <span class='ocrx_word' id='word_1_74' title='bbox 534 1355 671 1426; x_wconf 90' lang='lat' dir='ltr'>apparet.</span> <span class='ocrx_word' id='word_1_75' title='bbox 701 1347 763 1408; x_wconf 85' lang='lat' dir='ltr'>Sed</span> <span class='ocrx_word' id='word_1_76' title='bbox 778 1347 944 1411; x_wconf 83' lang='lat' dir='ltr'>Aelianum</span> <span class='ocrx_word' id='word_1_77' title='bbox 966 1368 1023 1409; x_wconf 88' lang='lat' dir='ltr'>sua</span> <span class='ocrx_word' id='word_1_78' title='bbox 1045 1367 1083 1407; x_wconf 90' lang='lat' dir='ltr'>ex</span> <span class='ocrx_word' id='word_1_79' title='bbox 1097 1346 1269 1407; x_wconf 87' lang='lat' dir='ltr'>Alexandri</span> <span class='ocrx_word' id='word_1_80' title='bbox 1292 1365 1384 1424; x_wconf 90' lang='lat' dir='ltr'>opere</span> 
     </span>
     <span class='ocr_line' id='line_1_11' title="bbox 250 1448 1384 1513; baseline -0.001 -4"><span class='ocrx_word' id='word_1_81' title='bbox 250 1449 393 1510; x_wconf 87' lang='lat' dir='ltr'>hausisse</span> <span class='ocrx_word' id='word_1_82' title='bbox 408 1448 588 1510; x_wconf 90' lang='lat' dir='ltr'>Wellmann</span> <span class='ocrx_word' id='word_1_83' title='bbox 603 1450 776 1510; x_wconf 88' lang='lat' dir='ltr'>certissime</span> <span class='ocrx_word' id='word_1_84' title='bbox 792 1451 1025 1513; x_wconf 89' lang='lat' dir='ltr'>demonstravit.</span> <span class='ocrx_word' id='word_1_85' title='bbox 1055 1448 1109 1510; x_wconf 83' lang='lat' dir='ltr'>Sin</span> <span class='ocrx_word' id='word_1_86' title='bbox 1132 1457 1236 1511; x_wconf 90' lang='lat' dir='ltr'>autern</span> <span class='ocrx_word' id='word_1_87' title='bbox 1250 1449 1384 1508; x_wconf 86' lang='lat' dir='ltr'>Alexan-</span> 
     </span>
     <span class='ocr_line' id='line_1_12' title="bbox 250 1552 1384 1632; baseline 0 -22"><span class='ocrx_word' id='word_1_88' title='bbox 250 1552 308 1613; x_wconf 89' lang='lat' dir='ltr'>der</span> <span class='ocrx_word' id='word_1_89' title='bbox 329 1556 362 1611; x_wconf 92' lang='lat' dir='ltr'>in</span> <span class='ocrx_word' id='word_1_90' title='bbox 384 1552 483 1630; x_wconf 90' lang='lat' dir='ltr'>primo</span> <span class='ocrx_word' id='word_1_91' title='bbox 506 1552 587 1613; x_wconf 88' lang='lat' dir='ltr'>libro</span> <span class='ocrx_word' id='word_1_92' title='bbox 609 1555 746 1630; x_wconf 83' lang='lat' dir='ltr'>vestigia</span> <span class='ocrx_word' id='word_1_93' title='bbox 767 1553 987 1632; x_wconf 87' lang='lat' dir='ltr'>Aristophanis</span> <span class='ocrx_word' id='word_1_94' title='bbox 1013 1573 1198 1630; x_wconf 90' lang='lat' dir='ltr'>quamquam</span> <span class='ocrx_word' id='word_1_95' title='bbox 1226 1552 1384 1612; x_wconf 86' lang='lat' dir='ltr'>nonnullis</span> 
     </span>
     <span class='ocr_line' id='line_1_13' title="bbox 250 1655 1384 1734; baseline 0 -21"><span class='ocrx_word' id='word_1_96' title='bbox 250 1655 344 1715; x_wconf 91' lang='lat' dir='ltr'>rebus</span> <span class='ocrx_word' id='word_1_97' title='bbox 372 1659 520 1715; x_wconf 85' lang='lat' dir='ltr'>correctis</span> <span class='ocrx_word' id='word_1_98' title='bbox 542 1660 576 1715; x_wconf 84' lang='lat' dir='ltr'>et</span> <span class='ocrx_word' id='word_1_99' title='bbox 597 1655 729 1716; x_wconf 86' lang='lat' dir='ltr'>adiectis</span> <span class='ocrx_word' id='word_1_100' title='bbox 751 1664 816 1717; x_wconf 88' lang='lat' dir='ltr'>tam</span> <span class='ocrx_word' id='word_1_101' title='bbox 838 1666 906 1717; x_wconf 89' lang='lat' dir='ltr'>arte</span> <span class='ocrx_word' id='word_1_102' title='bbox 928 1657 1051 1734; x_wconf 88' lang='lat' dir='ltr'>pressit,</span> <span class='ocrx_word' id='word_1_103' title='bbox 1074 1662 1312 1717; x_wconf 89' lang='lat' dir='ltr'>consentaneum</span> <span class='ocrx_word' id='word_1_104' title='bbox 1336 1661 1384 1714; x_wconf 90' lang='lat' dir='ltr'>est</span> 
     </span>
     <span class='ocr_line' id='line_1_14' title="bbox 251 1758 1383 1839; baseline 0.001 -23"><span class='ocrx_word' id='word_1_105' title='bbox 251 1761 413 1833; x_wconf 88' lang='lat' dir='ltr'>sequentia</span> <span class='ocrx_word' id='word_1_106' title='bbox 428 1777 551 1835; x_wconf 89' lang='lat' dir='ltr'>quoque</span> <span class='ocrx_word' id='word_1_107' title='bbox 566 1758 606 1818; x_wconf 90' lang='lat' dir='ltr'>ab</span> <span class='ocrx_word' id='word_1_108' title='bbox 628 1779 663 1819; x_wconf 92' lang='lat' dir='ltr'>eo</span> <span class='ocrx_word' id='word_1_109' title='bbox 686 1758 718 1818; x_wconf 92' lang='lat' dir='ltr'>in</span> <span class='ocrx_word' id='word_1_110' title='bbox 740 1780 831 1820; x_wconf 91' lang='lat' dir='ltr'>suurn</span> <span class='ocrx_word' id='word_1_111' title='bbox 853 1760 1106 1839; x_wconf 84' lang='lat' dir='ltr'>opustrauslata</span> <span class='ocrx_word' id='word_1_112' title='bbox 1128 1777 1205 1819; x_wconf 90' lang='lat' dir='ltr'>esse.</span> <span class='ocrx_word' id='word_1_113' title='bbox 1237 1758 1335 1837; x_wconf 51' lang='lat' dir='ltr'>§wo</span> <span class='ocrx_word' id='word_1_114' title='bbox 1352 1767 1383 1817; x_wconf 90' lang='lat' dir='ltr'>et</span> 
     </span>
     <span class='ocr_line' id='line_1_15' title="bbox 249 1860 1383 1940; baseline 0.002 -23"><span class='ocrx_word' id='word_1_115' title='bbox 249 1860 291 1917; x_wconf 83' lang='lat'>26</span> <span class='ocrx_word' id='word_1_116' title='bbox 307 1866 523 1937; x_wconf 85' lang='lat' dir='ltr'>argumentum</span> <span class='ocrx_word' id='word_1_117' title='bbox 537 1860 570 1920; x_wconf 91' lang='lat' dir='ltr'>in</span> <span class='ocrx_word' id='word_1_118' title='bbox 586 1861 721 1938; x_wconf 86' lang='lat' dir='ltr'>epitoma</span> <span class='ocrx_word' id='word_1_119' title='bbox 735 1861 953 1923; x_wconf 88' lang='lat' dir='ltr'>brevissimum</span> <span class='ocrx_word' id='word_1_120' title='bbox 971 1868 1027 1940; x_wconf 89' lang='lat' dir='ltr'>est,</span> <span class='ocrx_word' id='word_1_121' title='bbox 1050 1860 1133 1939; x_wconf 90' lang='lat' dir='ltr'>quod</span> <span class='ocrx_word' id='word_1_122' title='bbox 1155 1880 1217 1921; x_wconf 92' lang='lat' dir='ltr'>non</span> <span class='ocrx_word' id='word_1_123' title='bbox 1239 1860 1383 1938; x_wconf 88' lang='lat' dir='ltr'>prohibet</span> 
     </span>
     <span class='ocr_line' id='line_1_16' title="bbox 249 1961 1383 2042; baseline 0.002 -23"><span class='ocrx_word' id='word_1_124' title='bbox 249 1980 289 2020; x_wconf 85' lang='lat' dir='ltr'>rra</span> <span class='ocrx_word' id='word_1_125' title='bbox 320 1961 353 2020; x_wconf 92' lang='lat' dir='ltr'>in</span> <span class='ocrx_word' id='word_1_126' title='bbox 374 1962 547 2022; x_wconf 86' lang='lat' dir='ltr'>Alexandri</span> <span class='ocrx_word' id='word_1_127' title='bbox 569 1982 662 2041; x_wconf 89' lang='lat' dir='ltr'>opere</span> <span class='ocrx_word' id='word_1_128' title='bbox 684 1963 859 2041; x_wconf 83' lang='lat' dir='ltr'>largissime</span> <span class='ocrx_word' id='word_1_129' title='bbox 883 1971 914 2026; x_wconf 93' lang='lat' dir='ltr'>et</span> <span class='ocrx_word' id='word_1_130' title='bbox 935 1963 1179 2042; x_wconf 89' lang='lat' dir='ltr'>locupletissime</span> <span class='ocrx_word' id='word_1_131' title='bbox 1202 1970 1383 2023; x_wconf 90' lang='lat' dir='ltr'>exornatum</span> 
     </span>
     <span class='ocr_line' id='line_1_17' title="bbox 250 2061 1382 2143; baseline 0.002 -21"><span class='ocrx_word' id='word_1_132' title='bbox 250 2061 347 2124; x_wconf 89' lang='lat' dir='ltr'>fuisse</span> <span class='ocrx_word' id='word_1_133' title='bbox 381 2071 534 2143; x_wconf 90' lang='lat' dir='ltr'>putemus.</span> <span class='ocrx_word' id='word_1_134' title='bbox 586 2065 667 2126; x_wconf 90' lang='lat' dir='ltr'>Nam</span> <span class='ocrx_word' id='word_1_135' title='bbox 697 2066 754 2127; x_wconf 90' lang='lat' dir='ltr'>illa</span> <span class='ocrx_word' id='word_1_136' title='bbox 787 2068 883 2128; x_wconf 90' lang='lat' dir='ltr'>series</span> <span class='ocrx_word' id='word_1_137' title='bbox 917 2065 1131 2128; x_wconf 85' lang='lat' dir='ltr'>definitionum</span> <span class='ocrx_word' id='word_1_138' title='bbox 1163 2064 1204 2127; x_wconf 89' lang='lat' dir='ltr'>ad</span> <span class='ocrx_word' id='word_1_139' title='bbox 1237 2085 1275 2125; x_wconf 88' lang='lat' dir='ltr'>ea</span> <span class='ocrx_word' id='word_1_140' title='bbox 1304 2082 1382 2141; x_wconf 88' lang='lat' dir='ltr'>qnae</span> 
     </span>
     <span class='ocr_line' id='line_1_18' title="bbox 249 2167 1383 2247; baseline 0.001 -21"><span class='ocrx_word' id='word_1_141' title='bbox 249 2167 429 2228; x_wconf 88' lang='lat' dir='ltr'>Alexander</span> <span class='ocrx_word' id='word_1_142' title='bbox 461 2168 603 2247; x_wconf 87' lang='lat' dir='ltr'>inprimis</span> <span class='ocrx_word' id='word_1_143' title='bbox 637 2169 761 2230; x_wconf 90' lang='lat' dir='ltr'>adicere</span> <span class='ocrx_word' id='word_1_144' title='bbox 798 2171 921 2233; x_wconf 87' lang='lat' dir='ltr'>solebat</span> <span class='ocrx_word' id='word_1_145' title='bbox 952 2170 1118 2231; x_wconf 92' lang='lat' dir='ltr'>inserenda</span> <span class='ocrx_word' id='word_1_146' title='bbox 1149 2167 1276 2229; x_wconf 92' lang='lat' dir='ltr'>minime</span> <span class='ocrx_word' id='word_1_147' title='bbox 1308 2176 1383 2246; x_wconf 86' lang='lat' dir='ltr'>apta</span> 
     </span>
     <span class='ocr_line' id='line_1_19' title="bbox 249 2271 1381 2352; baseline 0.001 -23"><span class='ocrx_word' id='word_1_148' title='bbox 249 2279 334 2348; x_wconf 80' lang='lat' dir='ltr'>erat3</span> <span class='ocrx_word' id='word_1_149' title='bbox 357 2291 394 2331; x_wconf 91' lang='lat' dir='ltr'>eo</span> <span class='ocrx_word' id='word_1_150' title='bbox 416 2271 517 2350; x_wconf 78' lang='lat' dir='ltr'>magis</span> <span class='ocrx_word' id='word_1_151' title='bbox 540 2278 629 2337; x_wconf 88' lang='lat' dir='ltr'>erant</span> <span class='ocrx_word' id='word_1_152' title='bbox 652 2292 731 2349; x_wconf 85' lang='lat' dir='ltr'>quae</span> <span class='ocrx_word' id='word_1_153' title='bbox 754 2273 794 2352; x_wconf 58' lang='grc' dir='ltr'>ἐξ</span> <span class='ocrx_word' id='word_1_154' title='bbox 813 2273 854 2332; x_wconf 85' lang='grc'>25</span> <span class='ocrx_word' id='word_1_155' title='bbox 877 2279 910 2336; x_wconf 88' lang='lat' dir='ltr'>et</span> <span class='ocrx_word' id='word_1_156' title='bbox 932 2274 972 2332; x_wconf 82' lang='lat'>26</span> <span class='ocrx_word' id='word_1_157' title='bbox 995 2271 1215 2351; x_wconf 88' lang='lat' dir='ltr'>Aristophanis</span> <span class='ocrx_word' id='word_1_158' title='bbox 1237 2271 1381 2350; x_wconf 90' lang='lat' dir='ltr'>perhibe·</span> 
     </span>
     <span class='ocr_line' id='line_1_20' title="bbox 248 2373 1382 2451; baseline 0.001 -19"><span class='ocrx_word' id='word_1_159' title='bbox 248 2373 369 2434; x_wconf 82' lang='lat' dir='ltr'>bantur.</span> <span class='ocrx_word' id='word_1_160' title='bbox 414 2373 527 2450; x_wconf 85' lang='lat' dir='ltr'>Itaque</span> <span class='ocrx_word' id='word_1_161' title='bbox 558 2394 627 2435; x_wconf 89' lang='lat' dir='ltr'>cum</span> <span class='ocrx_word' id='word_1_162' title='bbox 657 2381 758 2435; x_wconf 90' lang='lat' dir='ltr'>totum</span> <span class='ocrx_word' id='word_1_163' title='bbox 789 2374 1025 2437; x_wconf 86' lang='lat' dir='ltr'>fundamentum</span> <span class='ocrx_word' id='word_1_164' title='bbox 1056 2375 1235 2436; x_wconf 89' lang='lat' dir='ltr'>animalium</span> <span class='ocrx_word' id='word_1_165' title='bbox 1264 2373 1382 2451; x_wconf 85' lang='lat' dir='ltr'>signifi·</span> 
     </span>
     <span class='ocr_line' id='line_1_21' title="bbox 249 2476 1382 2555; baseline 0.001 -19"><span class='ocrx_word' id='word_1_166' title='bbox 249 2476 387 2538; x_wconf 89' lang='lat' dir='ltr'>cationes</span> <span class='ocrx_word' id='word_1_167' title='bbox 417 2477 574 2537; x_wconf 86' lang='lat' dir='ltr'>tractandi</span> <span class='ocrx_word' id='word_1_168' title='bbox 608 2477 648 2537; x_wconf 93' lang='lat' dir='ltr'>ab</span> <span class='ocrx_word' id='word_1_169' title='bbox 678 2478 874 2538; x_wconf 87' lang='lat' dir='ltr'>Artemidoro</span> <span class='ocrx_word' id='word_1_170' title='bbox 904 2478 948 2540; x_wconf 86' lang='lat' dir='ltr'>ex</span> <span class='ocrx_word' id='word_1_171' title='bbox 974 2477 1152 2538; x_wconf 89' lang='lat' dir='ltr'>Alexandro</span> <span class='ocrx_word' id='word_1_172' title='bbox 1184 2477 1382 2555; x_wconf 88' lang='lat' dir='ltr'>desumptum</span> 
     </span>
     <span class='ocr_line' id='line_1_22' title="bbox 247 2578 1381 2660; baseline 0 -23"><span class='ocrx_word' id='word_1_173' title='bbox 247 2597 317 2639; x_wconf 91' lang='lat' dir='ltr'>esse</span> <span class='ocrx_word' id='word_1_174' title='bbox 339 2578 520 2656; x_wconf 89' lang='lat' dir='ltr'>viderimus,</span> <span class='ocrx_word' id='word_1_175' title='bbox 542 2600 604 2640; x_wconf 91' lang='lat' dir='ltr'>non</span> <span class='ocrx_word' id='word_1_176' title='bbox 627 2580 756 2641; x_wconf 87' lang='lat' dir='ltr'>dubium</span> <span class='ocrx_word' id='word_1_177' title='bbox 779 2601 847 2642; x_wconf 88' lang='lat' dir='ltr'>essa</span> <span class='ocrx_word' id='word_1_178' title='bbox 869 2580 1004 2660; x_wconf 84' lang='lat' dir='ltr'>videtur,</span> <span class='ocrx_word' id='word_1_179' title='bbox 1027 2584 1102 2658; x_wconf 89' lang='lat' dir='ltr'>quin</span> <span class='ocrx_word' id='word_1_180' title='bbox 1123 2581 1183 2641; x_wconf 91' lang='lat' dir='ltr'>hae</span> <span class='ocrx_word' id='word_1_181' title='bbox 1206 2579 1245 2640; x_wconf 92' lang='lat' dir='ltr'>da</span> <span class='ocrx_word' id='word_1_182' title='bbox 1268 2581 1381 2657; x_wconf 88' lang='lat' dir='ltr'>quibus</span> 
     </span>
     <span class='ocr_line' id='line_1_23' title="bbox 247 2679 1381 2762; baseline 0.003 -23"><span class='ocrx_word' id='word_1_183' title='bbox 247 2699 347 2740; x_wconf 89' lang='lat' dir='ltr'>sermo</span> <span class='ocrx_word' id='word_1_184' title='bbox 363 2679 399 2741; x_wconf 88' lang='lat' dir='ltr'>lit</span> <span class='ocrx_word' id='word_1_185' title='bbox 413 2701 464 2742; x_wconf 89' lang='lat' dir='ltr'>res</span> <span class='ocrx_word' id='word_1_186' title='bbox 479 2684 513 2741; x_wconf 91' lang='lat' dir='ltr'>in</span> <span class='ocrx_word' id='word_1_187' title='bbox 526 2682 699 2743; x_wconf 83' lang='lat' dir='ltr'>Alexandri</span> <span class='ocrx_word' id='word_1_188' title='bbox 714 2704 807 2762; x_wconf 88' lang='lat' dir='ltr'>opere</span> <span class='ocrx_word' id='word_1_189' title='bbox 822 2692 916 2762; x_wconf 85' lang='lat' dir='ltr'>atque</span> <span class='ocrx_word' id='word_1_190' title='bbox 932 2683 965 2743; x_wconf 91' lang='lat' dir='ltr'>in</span> <span class='ocrx_word' id='word_1_191' title='bbox 979 2684 1078 2762; x_wconf 87' lang='lat' dir='ltr'>primo</span> <span class='ocrx_word' id='word_1_192' title='bbox 1093 2683 1174 2744; x_wconf 89' lang='lat' dir='ltr'>libro</span> <span class='ocrx_word' id='word_1_193' title='bbox 1195 2682 1381 2746; x_wconf 89' lang='lat' dir='ltr'>exstiterint.</span> 
     </span>
    </p>

    <p class='ocr_par' dir='ltr' id='par_1_7' title="bbox 247 2782 1381 3070">
     <span class='ocr_line' id='line_1_24' title="bbox 333 2782 1379 2862; baseline 0 -20"><span class='ocrx_word' id='word_1_194' title='bbox 333 2782 413 2842; x_wconf 90' lang='lat' dir='ltr'>Nam</span> <span class='ocrx_word' id='word_1_195' title='bbox 449 2783 506 2845; x_wconf 92' lang='lat' dir='ltr'>has</span> <span class='ocrx_word' id='word_1_196' title='bbox 543 2804 593 2844; x_wconf 88' lang='lat' dir='ltr'>rea</span> <span class='ocrx_word' id='word_1_197' title='bbox 630 2804 707 2862; x_wconf 90' lang='lat' dir='ltr'>quas</span> <span class='ocrx_word' id='word_1_198' title='bbox 743 2786 947 2847; x_wconf 78' lang='lat' dir='ltr'>tractavimus</span> <span class='ocrx_word' id='word_1_199' title='bbox 984 2806 1022 2845; x_wconf 91' lang='lat' dir='ltr'>ex</span> <span class='ocrx_word' id='word_1_200' title='bbox 1059 2785 1255 2846; x_wconf 89' lang='lat' dir='ltr'>onirocritico</span> <span class='ocrx_word' id='word_1_201' title='bbox 1298 2784 1379 2843; x_wconf 91' lang='lat' dir='ltr'>libro</span> 
     </span>
     <span class='ocr_line' id='line_1_25' title="bbox 247 2883 1381 2967; baseline 0.004 -25"><span class='ocrx_word' id='word_1_202' title='bbox 247 2883 376 2945; x_wconf 86' lang='lat' dir='ltr'>haustas</span> <span class='ocrx_word' id='word_1_203' title='bbox 405 2902 474 2946; x_wconf 89' lang='lat' dir='ltr'>esse</span> <span class='ocrx_word' id='word_1_204' title='bbox 506 2886 559 2945; x_wconf 89' lang='lat' dir='ltr'>vix</span> <span class='ocrx_word' id='word_1_205' title='bbox 588 2886 650 2946; x_wconf 88' lang='lat' dir='ltr'>iam</span> <span class='ocrx_word' id='word_1_206' title='bbox 679 2891 738 2947; x_wconf 89' lang='lat' dir='ltr'>erit</span> <span class='ocrx_word' id='word_1_207' title='bbox 770 2888 823 2964; x_wconf 88' lang='lat' dir='ltr'>qui</span> <span class='ocrx_word' id='word_1_208' title='bbox 851 2888 1034 2966; x_wconf 75' lang='lat' dir='ltr'>contendat3</span> <span class='ocrx_word' id='word_1_209' title='bbox 1064 2891 1126 2949; x_wconf 92' lang='lat' dir='ltr'>nisi</span> <span class='ocrx_word' id='word_1_210' title='bbox 1154 2895 1245 2967; x_wconf 90' lang='lat' dir='ltr'>putat</span> <span class='ocrx_word' id='word_1_211' title='bbox 1278 2889 1381 2948; x_wconf 90' lang='lat' dir='ltr'>omnia</span> 
     </span>
     <span class='ocr_line' id='line_1_26' title="bbox 247 2987 1110 3070; baseline 0.008 -25"><span class='ocrx_word' id='word_1_212' title='bbox 247 2987 377 3047; x_wconf 90' lang='lat' dir='ltr'>verbum</span> <span class='ocrx_word' id='word_1_213' title='bbox 400 2987 439 3047; x_wconf 94' lang='lat' dir='ltr'>de</span> <span class='ocrx_word' id='word_1_214' title='bbox 460 2988 557 3048; x_wconf 85' lang='lat' dir='ltr'>verbo</span> <span class='ocrx_word' id='word_1_215' title='bbox 580 2989 620 3048; x_wconf 86' lang='lat' dir='ltr'>ab</span> <span class='ocrx_word' id='word_1_216' title='bbox 643 2990 841 3051; x_wconf 87' lang='lat' dir='ltr'>Artemidoro</span> <span class='ocrx_word' id='word_1_217' title='bbox 864 3010 1012 3070; x_wconf 86' lang='lat' dir='ltr'>expressa</span> <span class='ocrx_word' id='word_1_218' title='bbox 1034 3011 1110 3052; x_wconf 91' lang='lat' dir='ltr'>essa.</span> 
     </span>
    </p>
   </div>
   <div class='ocr_carea' id='block_1_7' title="bbox 245 3175 1379 3566">
    <p class='ocr_par' dir='ltr' id='par_1_8' title="bbox 245 3175 1379 3566">
     <span class='ocr_line' id='line_1_27' title="bbox 331 3175 1379 3257; baseline 0.003 -23"><span class='ocrx_word' id='word_1_219' title='bbox 331 3175 352 3253; x_wconf 60' lang='grc' dir='ltr'>ᾖ</span> <span class='ocrx_word' id='word_1_220' title='bbox 377 3177 425 3235; x_wconf 91' lang='grc'>10.</span> <span class='ocrx_word' id='word_1_221' title='bbox 459 3175 550 3236; x_wconf 88' lang='lat' dir='ltr'>Nunc</span> <span class='ocrx_word' id='word_1_222' title='bbox 574 3176 758 3238; x_wconf 87' lang='lat' dir='ltr'>accedamus</span> <span class='ocrx_word' id='word_1_223' title='bbox 781 3178 822 3237; x_wconf 92' lang='lat' dir='ltr'>ad</span> <span class='ocrx_word' id='word_1_224' title='bbox 844 3199 897 3240; x_wconf 89' lang='lat' dir='ltr'>eos</span> <span class='ocrx_word' id='word_1_225' title='bbox 918 3179 1003 3240; x_wconf 89' lang='lat' dir='ltr'>locos</span> <span class='ocrx_word' id='word_1_226' title='bbox 1026 3180 1140 3257; x_wconf 89' lang='lat' dir='ltr'>quibus</span> <span class='ocrx_word' id='word_1_227' title='bbox 1162 3178 1379 3239; x_wconf 87' lang='lat' dir='ltr'>Artemidorus</span> 
     </span>
     <span class='ocr_line' id='line_1_28' title="bbox 245 3276 1378 3361; baseline 0.002 -25"><span class='ocrx_word' id='word_1_228' title='bbox 245 3276 346 3339; x_wconf 79' lang='lat' dir='ltr'>fusius</span> <span class='ocrx_word' id='word_1_229' title='bbox 364 3278 403 3338; x_wconf 94' lang='lat' dir='ltr'>de</span> <span class='ocrx_word' id='word_1_230' title='bbox 418 3278 535 3357; x_wconf 91' lang='lat' dir='ltr'>plantis</span> <span class='ocrx_word' id='word_1_231' title='bbox 559 3281 633 3357; x_wconf 84' lang='lat' dir='ltr'>egit.</span> <span class='ocrx_word' id='word_1_232' title='bbox 670 3280 848 3342; x_wconf 89' lang='lat' dir='ltr'>Verisimile</span> <span class='ocrx_word' id='word_1_233' title='bbox 870 3287 919 3342; x_wconf 87' lang='lat' dir='ltr'>est</span> <span class='ocrx_word' id='word_1_234' title='bbox 941 3302 1010 3343; x_wconf 92' lang='lat' dir='ltr'>eum</span> <span class='ocrx_word' id='word_1_235' title='bbox 1033 3302 1110 3361; x_wconf 90' lang='lat' dir='ltr'>opus</span> <span class='ocrx_word' id='word_1_236' title='bbox 1133 3282 1289 3359; x_wconf 88' lang='lat' dir='ltr'>quoddam</span> <span class='ocrx_word' id='word_1_237' title='bbox 1311 3278 1378 3359; x_wconf 78' lang='grc' dir='ltr'>περὶ</span> 
     </span>
     <span class='ocr_line' id='line_1_29' title="bbox 246 3380 1378 3465; baseline 0.004 -25"><span class='ocrx_word' id='word_1_238' title='bbox 246 3385 351 3455; x_wconf 78' lang='grc' dir='ltr'><strong><em>φυτῶν</em></strong></span> <span class='ocrx_word' id='word_1_239' title='bbox 373 3380 561 3443; x_wconf 90' lang='lat' dir='ltr'>adhibuisse.</span> <span class='ocrx_word' id='word_1_240' title='bbox 600 3383 779 3444; x_wconf 89' lang='lat' dir='ltr'>Alexander</span> <span class='ocrx_word' id='word_1_241' title='bbox 800 3384 894 3444; x_wconf 91' lang='lat' dir='ltr'>talem</span> <span class='ocrx_word' id='word_1_242' title='bbox 916 3386 1031 3445; x_wconf 87' lang='lat' dir='ltr'>librum</span> <span class='ocrx_word' id='word_1_243' title='bbox 1053 3385 1217 3465; x_wconf 87' lang='lat' dir='ltr'>scripsisse</span> <span class='ocrx_word' id='word_1_244' title='bbox 1239 3385 1378 3459; x_wconf 65' lang='lat' dir='ltr'>videtum</span> 
     </span>
     <span class='ocr_line' id='line_1_30' title="bbox 246 3484 1378 3566; baseline 0.004 -25"><span class='ocrx_word' id='word_1_245' title='bbox 246 3501 316 3542; x_wconf 91' lang='lat' dir='ltr'>nam</span> <span class='ocrx_word' id='word_1_246' title='bbox 333 3492 458 3543; x_wconf 88' lang='lat' dir='ltr'>exstant</span> <span class='ocrx_word' id='word_1_247' title='bbox 473 3484 534 3543; x_wconf 92' lang='lat' dir='ltr'>duo</span> <span class='ocrx_word' id='word_1_248' title='bbox 549 3484 735 3563; x_wconf 85' lang='lat' dir='ltr'>fragmenta,</span> <span class='ocrx_word' id='word_1_249' title='bbox 751 3507 830 3564; x_wconf 86' lang='lat' dir='ltr'>quae</span> <span class='ocrx_word' id='word_1_250' title='bbox 853 3486 893 3547; x_wconf 90' lang='lat' dir='ltr'>ad</span> <span class='ocrx_word' id='word_1_251' title='bbox 916 3488 1045 3548; x_wconf 88' lang='lat' dir='ltr'>alterius</span> <span class='ocrx_word' id='word_1_252' title='bbox 1068 3487 1242 3566; x_wconf 84' lang='lat' dir='ltr'>argumenti</span> <span class='ocrx_word' id='word_1_253' title='bbox 1264 3487 1378 3547; x_wconf 91' lang='lat' dir='ltr'>librum</span> 
     </span>
    </p>
   </div>
   <div class='ocr_carea' id='block_1_8' title="bbox 243 3583 1394 4087">
    <p class='ocr_par' dir='ltr' id='par_1_9' title="bbox 243 3583 1394 4087">
     <span class='ocr_line' id='line_1_31' title="bbox 245 3583 1378 3669; baseline 0.005 -26"><span class='ocrx_word' id='word_1_254' title='bbox 245 3583 355 3644; x_wconf 87' lang='lat' dir='ltr'>referri</span> <span class='ocrx_word' id='word_1_255' title='bbox 388 3588 442 3645; x_wconf 88' lang='lat' dir='ltr'>vix</span> <span class='ocrx_word' id='word_1_256' title='bbox 476 3588 649 3665; x_wconf 69' lang='lat' dir='ltr'>possuntssl.</span> <span class='ocrx_word' id='word_1_257' title='bbox 705 3588 812 3661; x_wconf 82' lang='lat' dir='ltr'>Qualis</span> <span class='ocrx_word' id='word_1_258' title='bbox 841 3591 962 3651; x_wconf 91' lang='lat' dir='ltr'>indoles</span> <span class='ocrx_word' id='word_1_259' title='bbox 994 3590 1098 3669; x_wconf 86' lang='lat' dir='ltr'>fuerit,</span> <span class='ocrx_word' id='word_1_260' title='bbox 1132 3591 1280 3651; x_wconf 88' lang='lat' dir='ltr'>traditum</span> <span class='ocrx_word' id='word_1_261' title='bbox 1316 3610 1378 3649; x_wconf 91' lang='lat' dir='ltr'>non</span> 
     </span>
     <span class='ocr_line' id='line_1_32' title="bbox 246 3687 1378 3779; baseline 0.002 -32"><span class='ocrx_word' id='word_1_262' title='bbox 246 3695 310 3765; x_wconf 86' lang='lat' dir='ltr'>est;</span> <span class='ocrx_word' id='word_1_263' title='bbox 332 3687 389 3748; x_wconf 92' lang='lat' dir='ltr'>sed</span> <span class='ocrx_word' id='word_1_264' title='bbox 419 3688 604 3750; x_wconf 89' lang='lat' dir='ltr'>concludere</span> <span class='ocrx_word' id='word_1_265' title='bbox 633 3711 798 3770; x_wconf 89' lang='lat' dir='ltr'>possumus</span> <span class='ocrx_word' id='word_1_266' title='bbox 820 3692 952 3754; x_wconf 90' lang='lat' dir='ltr'>similem</span> <span class='ocrx_word' id='word_1_267' title='bbox 975 3697 1109 3773; x_wconf 88' lang='lat' dir='ltr'>speciem</span> <span class='ocrx_word' id='word_1_268' title='bbox 1133 3714 1169 3754; x_wconf 89' lang='lat' dir='ltr'>ac</span> <span class='ocrx_word' id='word_1_269' title='bbox 1189 3693 1288 3779; x_wconf 86' lang='lat' dir='ltr'>libros</span> <span class='ocrx_word' id='word_1_270' title='bbox 1310 3690 1378 3768; x_wconf 69' lang='lat' dir='ltr'>urei</span> 
     </span>
     <span class='ocr_line' id='line_1_33' title="bbox 244 3786 1394 3872; baseline 0.002 -23"><span class='ocrx_word' id='word_1_271' title='bbox 244 3786 328 3872; x_wconf 71' lang='grc' dir='ltr'><em>ζῴων</em></span> <span class='ocrx_word' id='word_1_272' title='bbox 360 3811 436 3870; x_wconf 89' lang='lat' dir='ltr'>prae</span> <span class='ocrx_word' id='word_1_273' title='bbox 468 3810 502 3851; x_wconf 90' lang='lat' dir='ltr'>se</span> <span class='ocrx_word' id='word_1_274' title='bbox 532 3792 650 3854; x_wconf 89' lang='lat' dir='ltr'>tulisse.</span> <span class='ocrx_word' id='word_1_275' title='bbox 694 3793 772 3855; x_wconf 86' lang='lat' dir='ltr'>Oum</span> <span class='ocrx_word' id='word_1_276' title='bbox 794 3795 966 3856; x_wconf 89' lang='lat' dir='ltr'>Alexandri</span> <span class='ocrx_word' id='word_1_277' title='bbox 995 3816 1106 3856; x_wconf 92' lang='lat' dir='ltr'>nomen</span> <span class='ocrx_word' id='word_1_278' title='bbox 1138 3795 1171 3855; x_wconf 93' lang='lat' dir='ltr'>in</span> <span class='ocrx_word' id='word_1_279' title='bbox 1192 3796 1253 3855; x_wconf 89' lang='lat' dir='ltr'>hae</span> <span class='ocrx_word' id='word_1_280' title='bbox 1275 3794 1394 3872; x_wconf 81' lang='lat' dir='ltr'>operis.</span> 
     </span>
     <span class='ocr_line' id='line_1_34' title="bbox 244 3893 1378 3975; baseline 0.002 -22"><span class='ocrx_word' id='word_1_281' title='bbox 244 3902 333 3972; x_wconf 88' lang='lat' dir='ltr'>parte</span> <span class='ocrx_word' id='word_1_282' title='bbox 349 3893 389 3955; x_wconf 91' lang='lat' dir='ltr'>ab</span> <span class='ocrx_word' id='word_1_283' title='bbox 403 3893 602 3954; x_wconf 89' lang='lat' dir='ltr'>Artemidoro</span> <span class='ocrx_word' id='word_1_284' title='bbox 618 3893 774 3975; x_wconf 85' lang='lat' dir='ltr'>afferatur,</span> <span class='ocrx_word' id='word_1_285' title='bbox 797 3896 1015 3975; x_wconf 91' lang='lat' dir='ltr'>inquirendum</span> <span class='ocrx_word' id='word_1_286' title='bbox 1037 3905 1085 3959; x_wconf 85' lang='lat' dir='ltr'>cst</span> <span class='ocrx_word' id='word_1_287' title='bbox 1111 3919 1183 3958; x_wconf 92' lang='lat' dir='ltr'>num</span> <span class='ocrx_word' id='word_1_288' title='bbox 1199 3896 1378 3957; x_wconf 88' lang='lat' dir='ltr'>Alexander</span> 
     </span>
     <span class='ocr_line' id='line_1_35' title="bbox 243 3995 904 4087; baseline 0.008 -32"><span class='ocrx_word' id='word_1_289' title='bbox 243 3995 296 4056; x_wconf 88' lang='lat' dir='ltr'>hio</span> <span class='ocrx_word' id='word_1_290' title='bbox 315 4016 438 4073; x_wconf 90' lang='lat' dir='ltr'>quoque</span> <span class='ocrx_word' id='word_1_291' title='bbox 459 3997 649 4087; x_wconf 86' lang='lat' dir='ltr'>Artemidori</span> <span class='ocrx_word' id='word_1_292' title='bbox 671 4008 779 4061; x_wconf 88' lang='lat' dir='ltr'>auctor</span> <span class='ocrx_word' id='word_1_293' title='bbox 800 3999 904 4060; x_wconf 89' lang='lat' dir='ltr'>fuerit.</span> 
     </span>
    </p>
   </div>
   <div class='ocr_carea' id='block_1_9' title="bbox 243 4163 1377 4409">
    <p class='ocr_par' dir='ltr' id='par_1_10' title="bbox 243 4163 1377 4409">
     <span class='ocr_line' id='line_1_36' title="bbox 330 4163 1377 4237; baseline 0.002 -19"><span class='ocrx_word' id='word_1_294' title='bbox 330 4163 356 4225; x_wconf 85' lang='lat' dir='ltr'>ll</span> <span class='ocrx_word' id='word_1_295' title='bbox 374 4163 478 4219; x_wconf 87' lang='lat' dir='ltr'>Polam.</span> <span class='ocrx_word' id='word_1_296' title='bbox 502 4163 537 4218; x_wconf 89' lang='lat' dir='ltr'>de</span> <span class='ocrx_word' id='word_1_297' title='bbox 560 4163 640 4234; x_wconf 86' lang='lat' dir='ltr'>phys.</span> <span class='ocrx_word' id='word_1_298' title='bbox 665 4181 725 4236; x_wconf 86' lang='lat' dir='ltr'>cap.</span> <span class='ocrx_word' id='word_1_299' title='bbox 748 4165 789 4231; x_wconf 90' lang='grc' dir='ltr'>ΙΙ,</span> <span class='ocrx_word' id='word_1_300' title='bbox 813 4167 941 4221; x_wconf 84' lang='lat' dir='ltr'>Foerster</span> <span class='ocrx_word' id='word_1_301' title='bbox 954 4167 979 4233; x_wconf 87' lang='lat'>1,</span> <span class='ocrx_word' id='word_1_302' title='bbox 1004 4168 1147 4224; x_wconf 83' lang='lat'><strong>170-190.</strong></span> <span class='ocrx_word' id='word_1_303' title='bbox 1183 4169 1321 4237; x_wconf 84' lang='lat' dir='ltr'>Anonym.</span> <span class='ocrx_word' id='word_1_304' title='bbox 1342 4165 1377 4221; x_wconf 92' lang='lat' dir='ltr'>de</span> 
     </span>
     <span class='ocr_line' id='line_1_37' title="bbox 243 4247 908 4323; baseline 0.008 -22"><span class='ocrx_word' id='word_1_305' title='bbox 243 4247 323 4320; x_wconf 89' lang='lat' dir='ltr'>phys.</span> <span class='ocrx_word' id='word_1_306' title='bbox 343 4251 393 4305; x_wconf 85' lang='lat'>118</span> <span class='ocrx_word' id='word_1_307' title='bbox 410 4265 451 4320; x_wconf 86' lang='lat' dir='ltr'>sq.</span> <span class='ocrx_word' id='word_1_308' title='bbox 486 4250 519 4304; x_wconf 83' lang='lat' dir='ltr'>F.</span> <span class='ocrx_word' id='word_1_309' title='bbox 538 4249 578 4316; x_wconf 94' lang='lat' dir='ltr'>II,</span> <span class='ocrx_word' id='word_1_310' title='bbox 597 4251 733 4309; x_wconf 81' lang='lat'>137-144</span> <span class='ocrx_word' id='word_1_311' title='bbox 751 4257 778 4306; x_wconf 88' lang='lat' dir='ltr'>et</span> <span class='ocrx_word' id='word_1_312' title='bbox 795 4252 908 4323; x_wconf 88' lang='lat' dir='ltr'>passim.</span> 
     </span>
     <span class='ocr_line' id='line_1_38' title="bbox 329 4334 1222 4409; baseline 0.006 -20"><span class='ocrx_word' id='word_1_313' title='bbox 329 4334 357 4403; x_wconf 87' lang='grc'>2)</span> <span class='ocrx_word' id='word_1_314' title='bbox 375 4353 402 4407; x_wconf 87' lang='lat' dir='ltr'>p.</span> <span class='ocrx_word' id='word_1_315' title='bbox 420 4337 480 4391; x_wconf 83' lang='grc'><strong>543.</strong></span> <span class='ocrx_word' id='word_1_316' title='bbox 895 4338 922 4405; x_wconf 86' lang='grc'>3)</span> <span class='ocrx_word' id='word_1_317' title='bbox 940 4337 1100 4393; x_wconf 87' lang='lat' dir='ltr'>Wellmann</span> <span class='ocrx_word' id='word_1_318' title='bbox 1117 4356 1144 4409; x_wconf 89' lang='lat' dir='ltr'>p.</span> <span class='ocrx_word' id='word_1_319' title='bbox 1162 4341 1222 4395; x_wconf 88' lang='grc'><strong>555.</strong></span> 
     </span>
    </p>
   </div>
   <div class='ocr_carea' id='block_1_10' title="bbox 0 0 1632 4890">
    <p class='ocr_par' dir='ltr' id='par_1_11' title="bbox 0 0 1632 4890">
     <span class='ocr_line' id='line_1_39' title="bbox 0 0 1632 4890; baseline 0 3"><span class='ocrx_word' id='word_1_320' title='bbox 0 0 1632 4890; x_wconf 95' lang='lat' dir='ltr'> </span> 
     </span>
    </p>
   </div>
  </div>
 </body>
</html>
