3254 4890
361 1591 391 1659 1.
416 1591 468 1659 lie
490 1591 598 1660 seotls
620 1589 903 1658 oniroorttarum
926 1592 1011 1658 ante
1034 1588 1312 1657 Artemidorum.

619 1786 621 1791 Ι
719 1692 945 1761 florentibus.

352 1934 660 2012 Artemidorus,
683 1938 771 1996 ouius
786 1955 825 1994 ex
840 1954 933 2012 opere
948 1937 1050 1995 omnia
1072 1933 1137 1995 fere
1161 1956 1239 2013 quae
1262 1937 1302 1996 ad
1324 1938 1400 1998 artis

266 2050 407 2098 veterum
436 2037 650 2098 onirocritioae
681 2036 888 2114 cognitionem
910 2044 1054 2115 spectent
1077 2038 1268 2116 hauriuntur,
1300 2043 1399 2099 oniro-

269 2140 417 2201 eritarum
433 2148 512 2200 ante
533 2141 619 2200 illam
648 2146 781 2200 aetatem
811 2139 988 2201 florentium
1017 2148 1082 2200 tres
1104 2149 1206 2202 sectas
1225 2140 1400 2220 distinguit,

269 2242 568 2320 antiquissimorum,
599 2246 810 2320 antiquorum,
841 2242 1063 2321 recentiorum,
1093 2244 1133 2303 de
1162 2244 1275 2320 quibus
1304 2248 1399 2305 sectis

254 2346 415 2424 deinceps
437 2346 635 2406 tractandum
658 2349 725 2406 erit.

353 2535 373 2612 ξ
398 2538 424 2593 1.
468 2534 605 2594 Primum
636 2553 726 2611 agam
749 2534 788 2594 de
814 2533 860 2594 eis
883 2533 1069 2596 somniorum
1092 2534 1322 2611 interpretibus,
1346 2536 1400 2610 qui

268 2637 306 2696 ab
322 2636 520 2696 Artemidoro
535 2637 657 2695 παλαιοί
679 2636 884 2697 nominantur.
921 2637 991 2697 Viri
1012 2637 1132 2715 priseae
1155 2636 1281 2713 pietatis
1292 2636 1316 2716 1)
1339 2630 1399 2695 dud

269 2740 372 2814 πείρας
401 2738 644 2816 interpretantes
654 2740 678 2819 2)
708 2739 859 2800 nonnulla
887 2739 1053 2817 insigniter
1075 2739 1220 2798 dixerunt
1229 2737 1263 2819 ⁸),
1285 2738 1341 2798 sed
1364 2759 1401 2799 ea

269 2860 348 2916 quae
366 2840 562 2918 protulerunt
584 2850 672 2900 erant
695 2839 975 2918 σπερματωδέστερα
997 2838 1047 2899 καὶ
1072 2836 1129 2899 οὐκ
1153 2838 1358 2919 ἐξειργασμένα
1367 2843 1401 2922 4),

269 2940 378 3012 ἐνδεῶς
404 2938 541 3019 εἰρημένα
552 2942 585 3019 ὅ).
631 2942 806 3020 Coeperunt
827 2943 932 3003 firmas
954 2942 1182 3021 interpretandi
1203 2942 1290 3020 leges
1312 2945 1401 3021 sequi

269 3052 301 3105 et
316 3044 451 3122 quinque
466 3064 582 3122 genera
600 3045 788 3104 somniorum
811 3045 1047 3123 allegoricorum
1070 3045 1279 3106 distinxerunt
1288 3045 1322 3127 6),
1345 3047 1402 3107 sed

269 3148 418 3212 nonnulla
448 3149 540 3208 nimis
570 3147 727 3208 succincte
757 3148 937 3209 tractabant
966 3151 1020 3225 ita,
1049 3157 1085 3207 ut
1110 3168 1170 3207 non
1194 3148 1296 3208 omnia
1318 3149 1402 3209 olera

269 3259 301 3310 et
330 3250 495 3329 perspicua
525 3250 672 3332 essenti).
716 3248 818 3311 Iidem
839 3250 901 3310 iam
923 3271 978 3311 sex
1000 3270 1068 3311 esse
1091 3254 1227 3329 στοιχεῖα,
1248 3271 1265 3310 e
1288 3251 1401 3327 quibus

270 3352 390 3412 somnia
405 3359 510 3413 essent
524 3352 768 3431 interpretenda,
790 3352 964 3413 docuerunt
973 3351 1007 3434 ⁸).
1029 3353 1076 3411 Ea
1095 3373 1173 3429 quae
1196 3373 1214 3412 a
1236 3353 1402 3412 maioribus

270 3464 461 3533 aeceperunt,
477 3456 655 3516 retinebant
665 3455 699 3537 9),
715 3455 771 3517 sed
785 3475 866 3516 nova
882 3456 1051 3533 quoquein
1069 3455 1166 3515 libros
1189 3455 1401 3517 onirocritioos

270 3554 442 3618 intulerunt
452 3558 499 3637 ¹⁰).
544 3559 661 3618 Tamen
685 3578 789 3618 eorum
813 3578 935 3634 quoque
961 3557 1036 3636 libri
1058 3576 1150 3634 saepe
1173 3558 1311 3635 suppleri
1333 3579 1402 3635 pos·

357 3724 381 3789 1)
397 3723 424 3776 A
441 3723 498 3778 deis
516 3723 600 3779 libros
618 3724 795 3795 incipiebant,
813 3742 840 3795 p.
860 3726 901 3790 15,
921 3742 961 3779 15.

355 3806 382 3869 2)
399 3824 414 3861 e
430 3825 456 3878 p.
474 3807 501 3874 2,
520 3827 532 3862 e
553 3826 593 3879 sq.
611 3809 841 3864 concludendum.

356 3892 383 3959 3)
402 3893 488 3954 καλῶς
506 3894 628 3961 εἰρημένα
645 3913 673 3966 p.
691 3895 716 3962 2,
735 3914 759 3950 t.

354 3977 382 4039 4)
405 3978 510 4046 p.197‚
530 3994 569 4033 ie.
924 3982 951 4049 5)
970 3998 996 4051 p.
1016 3980 1058 4046 10,
1078 3998 1117 4034 11.

356 4063 382 4125 6)
402 4062 436 4115 Id
458 4062 645 4132 probaverunt
667 4066 843 4121 Nioostratus
862 4065 999 4135 Ephesius
1021 4073 1049 4120 et
1073 4065 1206 4136 Panyasis
1225 4066 1403 4121 Halicarnas-

270 4150 357 4204 sensis
375 4166 401 4220 p.
420 4150 445 4215 9,
465 4164 505 4203 1e.

358 4238 384 4298 7)
402 4253 429 4305 p.
448 4237 472 4302 7,
494 4252 533 4290 ιι.
940 4237 967 4305 8)
986 4254 1012 4308 p.
1031 4238 1056 4304 9,
1078 4252 1117 4291 re.

360 4321 386 4389 9)
405 4338 432 4392 p.
450 4322 493 4386 57,
513 4335 553 4375 eo.
927 4322 969 4387 10)
986 4340 1013 4393 p.
1031 4322 1073 4388 93,
1094 4339 1133 4377 eo.

1216 4428 1229 4477 1
