3254 4890
717 349 928 419 -27-

255 539 348 598 batur
377 558 447 599 eum
478 538 516 597 de
545 537 798 601 incubationibus
822 537 940 615 aliquid
963 535 1149 596 exhibuisse.
1194 534 1262 607 Qua
1284 544 1391 597 aetate

255 641 402 716 floruerit,
425 659 486 700 uon
508 647 645 716 constat;
667 659 739 699 nam
763 640 846 717 quod
862 638 945 699 Oder
969 637 1130 699 contendit
1143 638 1264 698 Phoebi
1287 640 1390 701 locum

255 744 290 803 H
323 745 376 820 91)
420 741 616 803 Artemidoro
660 762 716 820 per
752 743 965 803 Alexandrum
1002 741 1165 818 Myndium
1209 741 1392 820 innotuisse,

255 865 340 905 mera
380 849 556 906 coniectura
594 852 643 905 est
654 846 686 920 ²).
744 846 857 907 Exstat
895 851 996 904 autem
1033 848 1067 903 in
1103 843 1203 921 prima
1239 844 1392 906 Aristidis

257 947 396 1008 oratione
424 968 514 1013 sacra
543 947 639 1024 locus,
671 948 724 1025 qui
747 946 856 1009 dubito
880 968 918 1006 an
941 947 981 1007 ad
1003 947 1085 1006 hunc
1108 946 1267 1006 Phoebum
1289 952 1391 1026 respi-

257 1051 367 1130 ciat³):
399 1047 466 1130 περὶ
497 1046 527 1110 δὲ
554 1049 710 1127 βαλανείου
733 1045 834 1111 τοιάδε
857 1048 953 1122 idaia.
999 1045 1193 1127 πρῶτονμὲν
1217 1041 1257 1119 οἱς
1280 1044 1390 1125 peregri

257 1145 491 1231 ἅναιριβόμενος
522 1149 663 1212 εἰσελθεῖν
690 1151 731 1222 εἰς
761 1176 788 1212 τι
818 1152 973 1232 βαλανεῖον
1001 1153 1061 1213 τῶν
1084 1149 1257 1213 ἰδιωτικῶν·
1290 1150 1391 1214 ἔπειτα

256 1250 349 1331 φάναι
395 1248 436 1325 οἷς
472 1252 584 1315 ἔλαθον
623 1246 750 1329 ἕμανιὸν
788 1246 947 1324 εἰσελθών,
993 1245 1128 1312 ἆλούτων
1165 1245 1284 1329 ἡμερῶν
1320 1246 1387 1333 ἤδη.

256 1355 357 1419 ἔπειτα
380 1352 476 1417 ἐδόκει
499 1377 549 1434 μοι
570 1350 818 1434 παραθαρρύνειν
842 1354 958 1432 Φοῖβος
981 1349 1096 1433 παρεόν,
1122 1348 1267 1414 ὥστεκαὶ
1291 1354 1333 1427 εἰς
1354 1352 1390 1420 ro'

256 1454 338 1541 ὕδωρ
361 1457 526 1537 εἰσέβαινον
549 1451 730 1527 ἀνυπόπτως
752 1450 820 1534 ἤδη.
839 1530 842 1535 ¹
858 1457 934 1531 Quis
958 1467 1006 1518 est
1028 1459 1079 1518 hic
1101 1457 1270 1518 Phoebus?
1292 1459 1391 1537 Apol·

256 1564 349 1623 linem
380 1582 448 1623 esse
478 1582 538 1621 non
563 1567 614 1622 est
637 1582 692 1622 cur
713 1568 887 1645 putemus;v
905 1580 976 1620 nam
999 1561 1057 1621 hoc
1081 1581 1151 1621 cum
1174 1561 1231 1620 deo
1254 1561 1389 1641 Aristidi

255 1685 306 1726 res
328 1685 389 1725 non
412 1672 469 1743 est,
485 1664 545 1724 nisi
569 1668 597 1724 ei
620 1683 744 1725 carmen
766 1664 893 1740 aliquod
916 1667 1080 1741 componit,
1096 1671 1132 1723 ut
1146 1684 1223 1724 sacr.
1240 1685 1282 1724 or.
1298 1665 1390 1745 ive).

256 1767 389 1829 Accedit
404 1768 487 1844 quod
510 1767 638 1828 deorum
660 1766 783 1827 nomina
804 1767 845 1827 ab
861 1765 1000 1829 Aristide
1022 1767 1203 1845 plerumque
1224 1788 1293 1827 cum
1316 1771 1390 1848 arti·

256 1870 325 1930 culo
341 1870 579 1948 coniunguntur.
611 1869 727 1930 Contra
744 1870 803 1928 hoc
825 1868 1023 1933 manifestum
1045 1877 1094 1930 est
1116 1870 1270 1946 quendam
1292 1872 1388 1948 signi·

256 1972 351 2050 ficari,
385 1971 438 2049 qui
469 1972 588 2032 somnia
618 1969 847 2050 interpretandi
876 1972 996 2050 peritus
1027 1971 1143 2048 erat⁵);
1177 1992 1248 2033 nam
1276 1977 1304 2033 is
1335 1975 1388 2051 qui

256 2093 326 2134 eum
341 2094 375 2134 se
390 2075 496 2134 lavare
511 2076 598 2135 iubet
620 2074 773 2135 somnium
796 2075 983 2135 antecedens
1005 2074 1128 2153 inipso
1151 2079 1270 2135 somnio
1292 2076 1387 2137 inter-

255 2184 405 2255 pretatur.
436 2177 548 2254 Itaque
571 2189 678 2256 putem
699 2177 861 2237 Phoebum
884 2177 1043 2253 aequalem
1067 2176 1132 2238 fere
1155 2177 1254 2260 fuisse
1266 2179 1390 2258 Aristi·

256 2277 304 2339 dis
335 2285 366 2339 et
387 2279 585 2357 Artemidori,
616 2279 699 2367 quod
730 2279 793 2338 iam
814 2280 887 2339 inde
910 2280 1053 2359 veritatis
1076 2280 1231 2356 quandam
1253 2285 1391 2359 speciem

255 2402 329 2458 prae
359 2401 393 2443 se
422 2381 493 2458 fert,
523 2382 607 2461 quod
637 2382 720 2461 apud
742 2383 972 2442 Artemidorum
997 2388 1115 2462 quater,
1147 2384 1271 2467 saepius
1294 2405 1387 2461 quam

254 2485 336 2545 ullus
360 2485 440 2546 alius
462 2490 650 2546 somniorum
672 2488 835 2564 interpres,
858 2486 1042 2571 nominatur.

341 2588 525 2666 Temporum
557 2588 631 2648 ordo
661 2594 775 2666 monet,
806 2596 840 2647 ut
865 2588 916 2648 hic
939 2588 978 2648 de
1001 2587 1146 2651 titulis
1170 2589 1389 2655 Caesarum

256 2697 391 2749 aetate
421 2690 572 2751 incisis
604 2691 700 2751 verba
731 2690 851 2751 faciam.
904 2690 966 2752 Sed
996 2690 1034 2751 de
1066 2690 1111 2750 eis
1141 2690 1294 2765 zachora
1324 2700 1389 2751 tam

257 2804 463 2817 ———--A·—

290 2936 293 2943 .
343 2893 368 2952 1)
386 2907 413 2959 p.
432 2891 474 2956 93,
494 2905 534 2945 ιο.

340 2975 368 3043 2)
386 2974 441 3030 Rh.
467 2975 507 3029 M.
532 2974 624 3041 XLV,
648 2992 675 3045 p.
698 2976 757 3031 638.
789 2975 918 3043 ,Dubitat
942 2974 1017 3031 Oder
1043 2991 1114 3047 quae
1139 2975 1294 3031 interfuerit
1317 2979 1391 3033 ratio

255 3060 327 3114 inter
343 3060 521 3116 Artemonem
545 3065 573 3115 et
591 3060 742 3127 Phoebum,
769 3062 816 3133 qui
834 3078 891 3116 una
918 3061 1074 3116 efferuntur
1091 3063 1152 3117 Art.
1169 3062 1184 3115 Ι
1202 3062 1218 3114 2
1238 3064 1274 3133 (p.
1292 3065 1317 3128 5,
1339 3067 1389 3134 ra).

255 3144 436 3201 Manifestum
460 3152 502 3200 est
526 3151 575 3203 aut
597 3141 701 3201 Phoebi
725 3163 796 3217 opus
822 3151 919 3201 notum
943 3145 1028 3201 fuisse
1045 3145 1219 3202 Artemidoro
1241 3153 1292 3202 aut
1313 3149 1392 3204 hunc

255 3231 347 3286 locum
368 3248 418 3303 per
434 3234 614 3286 Artemonem
636 3231 769 3286 traditum
793 3248 858 3286 esse
894 3231 924 3287 Si
948 3231 1018 3285 illud
1041 3231 1127 3288 fuisse
1148 3238 1288 3303 putamus,
1306 3234 1389 3289 etiam

255 3318 309 3372 alio
332 3317 393 3373 loco
411 3316 603 3373 Artemidorus
621 3317 725 3372 Phoebi
748 3318 837 3389 ipsius
860 3333 941 3388 opere
965 3317 1006 3373 uti
1032 3319 1130 3388 potuit,
1153 3334 1243 3388 usque
1259 3335 1329 3386 opus
1347 3325 1389 3375 eet

256 3400 339 3457 Oderi
356 3403 526 3470 coniectum
549 3403 592 3457 sin
610 3402 671 3469 hoc,
689 3403 793 3459 Phoebi
811 3404 865 3459 loci
882 3409 909 3458 et
926 3404 974 3474 pe'r
991 3403 1181 3459 Alexandrum
1199 3409 1226 3459 et
1243 3420 1291 3474 per
1310 3407 1390 3460 Arte·

256 3503 365 3542 monem
391 3488 419 3540 in
443 3487 610 3544 Artemidori
634 3488 719 3544 libros
742 3489 814 3543 illati
837 3493 912 3552 sunt,
934 3488 1012 3543 cuius
1035 3489 1203 3543 simillimam
1225 3490 1389 3544 sententiam

257 3570 332 3627 Oder
354 3573 411 3642 ipse
435 3573 623 3644 indignatione
646 3574 765 3645 quadam
789 3574 873 3628 reicit.
909 3573 1023 3629 Accedit
1041 3573 1115 3645 quod
1133 3573 1261 3629 Phoebus
1278 3573 1390 3630 duobus

255 3656 323 3711 locis
341 3658 416 3711 solus
433 3658 558 3717 affertur.
584 3660 683 3731 ltaque
700 3677 755 3715 non
773 3665 814 3714 est
831 3661 1027 3730 cur'negemus
1044 3659 1150 3715 Phoebi
1167 3652 1249 3715 locos'
1260 3659 1295 3714 ab
1306 3662 1390 3715 Arte·

256 3741 364 3797 midoro
381 3744 441 3813 ipso
459 3761 493 3798 ex
509 3744 584 3798 illius
602 3761 683 3817 opere
700 3744 859 3816 desumptos
877 3762 943 3800 esse.
969 3744 1079 3799 Addam
1097 3744 1219 3801 Oderum
1237 3751 1390 3817 portatam

256 3844 336 3882 suam
348 3826 382 3883 de
394 3829 561 3885 Artemidori
575 3830 700 3886 fontibus
714 3831 918 3902 inquisitionem
935 3830 989 3885 hoc
1006 3831 1076 3885 miro
1093 3847 1190 3900 genere
1207 3831 1389 3887 concludendi

256 3914 306 3979 uti,
324 3930 492 3984 quamquam
505 3915 694 3972 Artemidorus
712 3918 772 3988 ipse
788 3935 818 3972 se
834 3918 988 3971 maximum
1005 3916 1138 3971 librorum
1156 3934 1300 3971 nnmerum
1319 3917 1390 3971 bene

256 3998 364 4054 novisse
382 4003 499 4054 testatur
516 4000 541 4069 (I
560 4001 626 4067 Pu),
644 4019 700 4072 qua
717 4001 751 4057 de
768 4019 798 4058 re
814 4019 865 4057 cur
882 4000 1066 4057 dubitandum
1084 4003 1120 4057 sit
1138 4002 1219 4073 plane
1230 4004 1334 4063 ⁴nescio.

341 4085 368 4154 3)
386 4083 428 4140 ed.
446 4085 568 4141 Dindori
584 4104 611 4156 p.
629 4088 688 4143 449.
903 4089 930 4157 4)
948 4106 975 4159 p.
993 4090 1042 4143 511
1062 4106 1102 4159 sq.

341 4174 367 4240 5)
385 4170 454 4225 Post
471 4172 536 4227 deos
554 4189 648 4228 omues
666 4180 742 4229 vates
760 4173 908 4235 interseris
926 4171 1086 4238 ἀξιοπίστους
1105 4176 1254 4243 λεγομένους
1271 4173 1388 4246 putandi

255 4265 329 4323 sunt,
346 4276 373 4329 p.
393 4259 451 4326 161,
473 4275 511 4314 ra.

341 4343 368 4407 6)
385 4343 404 4399 l.
422 4361 447 4399 a.
465 4362 492 4415 p.
510 4343 560 4398 472
579 4362 620 4415 sq.
