3254 4890
722 360 935 426 ..45-

261 549 338 609 mihi
360 549 586 610 dubitationem
608 558 720 624 movet,
743 570 816 609 num
832 547 1078 628 Geoponioorum
1100 550 1178 610 haeo
1201 551 1306 628 capita
1329 542 1396 610 stt-

262 670 364 731 οιιοια,
381 653 494 729 quibus
510 671 615 712 omnes
631 652 689 713 hae
708 652 855 712 historiae
877 659 1051 728 narrantur,
1074 674 1093 713 a
1115 648 1396 732 προγυμναομᾶτοον

262 754 476 833 scriptoribus,
514 754 627 831 quibus
662 755 783 843 Gemoll
792 755 816 834 ¹)
854 775 892 815 ea
929 754 1083 834 attribuit,
1121 754 1330 815 abindieanda
1364 760 1396 815 et

265 858 443 917 Alexandro
468 857 530 936 ipsi
559 861 679 917 auctori
704 857 870 919 tribuenda
891 861 963 918 siut.
1007 858 1087 918 Nam
1109 858 1208 919 solum
1231 877 1395 935 argumen-

262 968 336 1035 tum,
367 980 427 1036 quo
451 960 573 1020 Gemoll
596 959 715 1038 nititur,
745 967 778 1020 et
806 960 889 1039 apud
911 959 1127 1038 Aphthonium
1157 961 1203 1021 ed.
1226 960 1330 1020 Petrh.
1354 962 1395 1019 26

263 1067 295 1122 et
325 1061 421 1141 Geop.
450 1063 508 1141 XI,
539 1064 603 1141 2,ι
632 1060 682 1122 καὶ
712 1057 768 1142 γὰρ
799 1065 956 1140 προσῆκον
988 1060 1039 1121 καὶ
1072 1065 1160 1122 τοῦτο
1190 1063 1224 1122 in
1257 1061 1396 1123 eiusdem

263 1152 410 1225 historiae
431 1165 608 1226 narratione
630 1167 702 1245 legi,
726 1170 944 1227 auctoritatem
966 1169 1091 1226 nimiam
1114 1186 1175 1225 non
1197 1166 1294 1226 habat
1316 1160 1396 1243 ideo,

263 1267 345 1346 quod
378 1268 578 1346 Aphthonius
614 1288 676 1330 non
709 1276 808 1329 totam
843 1268 1052 1330 narrationem
1091 1268 1226 1329 exhibet.
1265 1268 1396 1345 ¹Itaque

263 1380 394 1449 uterque
424 1370 531 1430 eodem
562 1379 688 1432 auotore
710 1392 786 1432 usus
809 1380 865 1449 est,
888 1392 979 1448 quem
1002 1371 1097 1431 alium
1119 1370 1303 1449 scriptorem
1324 1390 1395 1448 pro·

263 1475 540 1555 gymnasmatioum
560 1472 657 1535 fuisse
679 1495 740 1553 uon
763 1482 812 1535 est
834 1495 889 1535 our
911 1473 1148 1551 oontendamus;
1171 1473 1248 1533 haeo
1271 1472 1396 1533 dicendi

265 1577 364 1655 figura
386 1598 405 1636 a
421 1576 646 1655 posterioribus
668 1577 818 1656 sophistis
840 1581 958 1637 usitata
980 1585 1064 1637 oerte
1086 1575 1169 1655 apud
1184 1574 1396 1646 Alexandrum

264 1690 386 1740 exstare
416 1682 477 1739 iam
507 1678 617 1757 potuit.
661 1680 765 1740 Unum
788 1678 905 1739 fontem
927 1679 1239 1757 progymnasmatiois
1262 1686 1294 1738 et
1316 1677 1396 1738 Geo-

264 1782 383 1860 ponieis
405 1780 502 1842 fuisse
520 1781 581 1842 iam
597 1782 708 1843 Rohde
719 1784 742 1863 2)
758 1782 935 1860 suspicatus
952 1793 1008 1862 est,
1031 1785 1084 1857 qui
1099 1782 1181 1841 huno
1194 1780 1361 1840 Menandri
1370 1781 1395 1856 3)

263 1884 365 1944 locum
402 1884 525 1944 attulit:
563 1881 722 1965 γέγραπται
759 1882 810 1944 aul
844 1882 973 1964 Νέστορι
1009 1887 1118 1967 ποιητῇ
1154 1881 1205 1942 καὶ
1242 1888 1396 1955 σοφισταῖς

266 1981 508 2063 μεταμορφώσεις
538 1989 642 2060 φυτῶν
671 1985 721 2046 καὶ
752 1981 863 2064 ὅρεοιν·
896 1983 1012 2057 τούτοις
1034 1982 1066 2045 δὲ
1088 1989 1150 2056 τοῖς
1172 1978 1397 2064 συγγράμμασιν

265 2082 451 2164 ἐντυγχάνειν
480 2083 562 2147 πάνυ
589 2093 736 2149 λυσιτελεῖ.
780 2092 885 2166 Atque
914 2091 992 2150 haee
1018 2090 1097 2149 bene
1120 2089 1160 2149 ad
1182 2088 1396 2150 Alexandrum

265 2198 407 2269 spectare
436 2200 582 2270 possunt3
615 2213 686 2252 nam
716 2192 960 2253 demonstratum
983 2201 1040 2270 est,
1062 2182 1326 2271 metamorphoses
1348 2190 1396 2250 in-

265 2289 362 2354 fuisse
388 2300 420 2353 et
441 2297 473 2354 in
497 2294 563 2354 eius
584 2294 674 2355 libris
697 2292 765 2375 arpi
788 2289 869 2378 ζῴων
891 2332 933 2340 -
954 2299 1087 2356 maxime
1108 2299 1141 2355 in
1164 2295 1284 2369 duobus
1306 2294 1397 2354 libris

265 2394 331 2474 περὶ
355 2400 475 2473 κτηνῶν
500 2433 537 2441 -
563 2407 595 2458 et
617 2400 650 2458 in
673 2417 766 2478 opere
789 2396 858 2477 περὶ
881 2402 993 2473 φυτῶν.

351 2620 370 2697 5
396 2623 443 2680 11.
486 2621 555 2680 Art.
577 2620 620 2699 ΙΙ,
643 2622 697 2698 94)
728 2615 820 2680 πολλοὶ
851 2615 882 2679 δὲ
912 2619 963 2681 καὶ
990 2613 1185 2700 Ἀλέξανδρος
1215 2612 1232 2679 ὁ
1255 2613 1397 2688 Μύνδιος

265 2719 316 2781 καὶ
352 2720 468 2796 Φοῖβος
500 2714 520 2782 o‘
550 2717 720 2801 Ἀντιοχεῦς
754 2719 822 2801 περὶ
858 2726 913 2783 τοῦ
950 2722 1049 2783 δοκεῖν
1082 2724 1303 2803 κεραυνοῦσθαι
1333 2715 1395 2781 ulad

266 2824 370 2901 κείρας
387 2844 417 2883 τι
439 2821 489 2884 καὶ
513 2822 591 2894 ἰδίας
613 2823 729 2896 ἐννοίας
750 2823 959 2905 κροεξέθεσαν,
983 2820 1060 2901 πλὴν
1081 2820 1119 2885 οὗ
1142 2825 1240 2884 πάντα
1262 2819 1398 2901 ἀκριβῶς

266 2924 388 3003 ἴσχυσαν
418 2918 522 3005 εὑρεῖν.
568 2926 632 2988 Our
654 2948 715 2987 non
738 2932 839 2988 omnia
861 2936 1005 2989 accurate
1029 2947 1181 3008 exponere
1204 2927 1397 3006 potuerunt?

265 3028 411 3090 Phoebus
441 3049 503 3090 non
533 3029 644 3108 potuit,
675 3029 758 3106 quod
788 3032 911 3090 omnino
941 3050 1003 3090 non
1032 3039 1130 3090 artem
1160 3029 1396 3109 interpretandi,

266 3132 323 3192 sed
344 3131 469 3210 singula
491 3135 611 3193 somnia
632 3134 772 3211 protulit.
810 3132 899 3193 Idem
923 3133 1007 3210 quod
1029 3134 1068 3194 de
1090 3133 1217 3194 Phoebo
1241 3132 1335 3193 etiam
1357 3133 1396 3193 de

265 3235 443 3296 Alexandro
479 3234 679 3298 statuendum
717 3235 784 3296 erit.
838 3236 901 3297 Sed
935 3236 1011 3297 haee
1044 3235 1077 3296 in
1109 3236 1189 3296 libro
1224 3234 1396 3296 Alexandri

267 3338 463 3399 onirocritioo
494 3336 592 3402 fuisse
621 3338 747 3400 minime
768 3347 879 3417 putare
902 3341 1049 3417 cogimur.
1092 3339 1197 3399 Etiam
1218 3338 1251 3398 in
1273 3337 1397 3398 Aeliani

266 3460 330 3502 var.
349 3441 422 3502 hist.
438 3442 463 3518 Ι,
481 3443 519 3501 13
543 3441 717 3520 exemplum
738 3443 829 3520 inest,
853 3462 922 3502 oum
938 3442 1016 3503 Gelo
1032 3442 1246 3519 Syracusanus
1268 3439 1398 3500 fulmine

267 3563 300 3603 se
323 3546 364 3603 iei
386 3543 534 3619 somniat3
557 3544 732 3604 mutilatum
763 3550 811 3604 est
839 3544 1021 3623 exemplum,
1052 3544 1135 3621 quod
1161 3543 1262 3604 exitus
1285 3544 1397 3604 somnii

266 3645 441 3722 interoidit;
471 3645 527 3706 sed
560 3644 652 3707 facile
681 3646 749 3707 fieri
780 3655 892 3726 potest,
923 3655 958 3708 ut
990 3647 1169 3706 Alexandro
1203 3645 1354 3706 debeatur
1363 3647 1397 3725 ⁶).

268 3747 302 3808 Si
333 3750 434 3808 omnia
463 3768 542 3823 quae
572 3748 610 3809 de
632 3749 812 3810 Alexandro
841 3749 925 3811 diota
947 3757 1021 3810 sunt
1042 3753 1190 3827 repetam,
1212 3750 1258 3808 ita
1281 3750 1395 3809 consti-

267 3850 416 3910 tuendum
439 3869 507 3911 esse
523 3870 651 3911 oenseo:
675 3851 707 3912 in
722 3851 901 3912 animalium
917 3860 949 3912 et
964 3851 1141 3929 plantarum
1160 3848 1395 3927 significationi·

355 4017 381 4086 1)
398 4017 521 4084 Gemoll,
548 4017 714 4074 Untersuch.
741 4017 787 4073 iib.
814 4018 841 4074 d,
868 4018 984 4085 Quellen
1010 4016 1059 4072 der
1084 4016 1242 4088 Geoponioa
1265 4015 1399 4087 (Berliner

266 4102 384 4160 Studien
401 4103 436 4169 Ila
453 4122 481 4176 P·
497 4103 540 4159 26.

352 4189 380 4255 2)
398 4188 508 4245 Grieoh.
526 4189 634 4244 Roman
652 4207 679 4261 p.
697 4191 757 4255 344,
776 4207 799 4245 a.

352 4276 380 4343 3)
397 4294 422 4330 ιι.
442 4274 563 4331 tardatur.
581 4292 608 4346 p.
626 4275 686 4342 393,
705 4292 719 4330 e
738 4274 771 4330 ed
790 4274 907 4347 Spengel
925 4274 1018 4338 (Rhet.
1035 4273 1101 4344 ΠΙ)

352 4364 379 4431 4)
396 4379 423 4433 p.
440 4362 483 4428 93,
503 4377 543 4417 re.
917 4362 945 4430 5)
963 4361 998 4416 cf.
1016 4359 1174 4415 Wellmann
1191 4376 1218 4431 p.
1237 4360 1287 4415 555
1304 4375 1345 4429 sq.
