3254 4890
668 338 860 402 ..8-

196 522 381 602 πρατθοκλαν
395 525 514 595 ’σωθείς
531 560 568 569 -
586 522 617 597 ἒξ
638 518 750 585 ’Ἅιδου
774 519 969 602 άναβεβηκάς
995 527 1063 604 153,
1078 543 1118 603 173
1142 523 1173 585 οί
1193 519 1334 600 εὔδαιμο-

198 623 327 705 νὲστεροι
349 619 533 704 ὑψηλότεροι
557 629 691 705 158,12;
715 621 890 705 οἱκεάποροι
913 624 1007 707 πτερά
1029 626 1228 707 έχουτιν’·10,’
1242 646 1281 704 23;
1304 627 1336 689 οἵ

199 722 347 807 άπρακτοι
362 724 463 790 άπτιοι
477 733 550 808 160,
566 749 608 806 193v
630 729 662 790 οἱ
678 730 868 809 παιδοτρίβαι
888 728 940 790 καὶ
963 728 1122 790 παιδευταὶ
1144 726 1334 808 ἀνθρώπους

199 826 380 892 πλάσοουσιν
407 835 478 910 175,
509 852 549 909 153
580 827 699 910 φυλακὴ
725 831 776 893 καὶ
806 827 1010 911 παρατήρησις
1040 830 1091 892 καί
1121 827 1199 910 μονὴ
1227 826 1248 910 ἦ
1274 828 1333 910 ζωή

202 937 271 1015 192,
300 955 344 1012 11·,
372 929 491 1014 ἐργάται
520 931 576 1014 γάρ
606 938 764 996 καλοῦνται
786 935 842 1019 (so.
866 934 897 996 οἷ
918 930 1082 1015 μύρμηκες)
1108 938 1178 1013 171,
1200 954 1240 1013 223
1264 933 1334 1006 τούς

199 1035 474 1108 καταδικασθέντας
507 1036 539 1097 έν
569 1041 606 1122 τῇ
639 1038 786 1121 συνηθείᾳ
818 1038 1061 1117 κεκεραυνοῑσθαί
1095 1058 1194 1114 φαμεν
1225 1040 1274 1116 95,
1304 1057 1332 1114 2;

200 1131 302 1214 ἡλίους
318 1134 375 1219 γάρ
390 1139 442 1200 καὶ
457 1134 493 1199 τά
512 1135 654 1219 άρρενικά
675 1138 763 1200 τέκνα
787 1139 819 1200 οἱ
839 1145 938 1219 γονεῖς
959 1133 1204 1217 ὑποκοριζόμενοι
1227 1143 1333 1200 καλοῦ-

201 1258 248 1301 σιν
273 1244 341 1321 133,
363 1261 404 1319 253
425 1237 511 1319 ἥλιον
533 1238 588 1318 τήν
611 1242 781 1321 ἐλευθερίαν
803 1246 945 1303 καλοῦσιν
968 1237 1127 1323 άυθρωποι
1153 1245 1222 1321 133,
1237 1262 1279 1313 27:
1303 1241 1334 1302 έν

199 1346 238 1427 τῇ
262 1347 409 1427 συνηθείᾳ
431 1339 483 1404 τάν
505 1345 628 1421 σίδηρον
651 1341 726 1425 άρην
748 1348 895 1422 καλοῦμεν
917 1347 1127 1419 μετανυμικῶς
1150 1347 1221 1424 272,
1243 1364 1276 1406 13.

286 1448 354 1506 Iam
383 1447 550 1509 violentius
580 1448 705 1509 videtur
734 1449 864 1509 verbum
892 1449 925 1507 in
950 1449 1027 1507 duas
1057 1455 1163 1526 partes
1186 1448 1333 1525 dividere,

201 1556 237 1608 ut
252 1542 338 1620 άετός
350 1564 394 1602 ·=
410 1545 435 1606 α’
451 1549 516 1621 έτος
533 1552 602 1629 112,
617 1570 658 1628 273
681 1556 713 1611 et
728 1550 989 1611 violentissimum
1009 1570 1047 1610 ex
1061 1549 1155 1610 simili
1170 1570 1246 1611 sono
1263 1571 1333 1610 oon·
1419 1632 1420 1637 ἵ

202 1653 390 1713 iunctionem
411 1654 565 1729 quandam
587 1662 734 1731 statuere,
757 1662 793 1713 ut
808 1654 890 1714 inter
905 1655 1032 1729 καρῆναι
1048 1687 1091 1698 -
1105 1656 1233 1732 χαρῆναι
1248 1654 1298 1731 24,
1313 1673 1334 1714 e.

288 1755 486 1832 Singulorum
500 1757 676 1817 litterarum
691 1756 845 1835 positione
861 1765 981 1817 mutata
997 1755 1132 1817 efficitur
1144 1752 1335 1836 ἇναγραμμα-

202 1852 313 1936 τιομός,
344 1880 404 1935 quo
426 1860 642 1920 Artemidorus
672 1880 734 1920 non
762 1859 861 1920 utitur
886 1867 922 1919 ut
944 1861 1063 1919 ratione
1085 1858 1334 1939 ineertissima1).

204 1960 320 2021 Tamen
350 1961 389 2021 ad
420 1957 577 2038 γράμματα
609 1956 744 2021 διάνοιαν
774 1955 914 2039 αὐτοτελῆ
940 1957 982 2039 μή
1005 1960 1175 2041 περιέχοντα
1196 1955 1218 2039 di
1240 1956 1336 2037 ὄνομα

203 2054 387 2144 άπρόολογον
408 2065 490 2125 huno
513 2065 637 2126 modum
660 2064 869 2131 adhibendum
892 2064 1089 2125 commendat
1099 2066 1131 2142 ²).

290 2166 437 2244 Singulae
466 2169 591 2229 litterae
615 2169 690 2245 quid
713 2168 898 2246 significent,
922 2167 1139 2228 difficillimum
1161 2174 1209 2227 est
1231 2166 1335 2243 expla-

205 2289 280 2329 nare
302 2290 402 2347 neque
425 2271 517 2332 huius
539 2271 585 2332 rei
608 2279 693 2331 certa
715 2271 794 2331 ratio
817 2271 913 2331 statui
935 2272 1078 2350 potestss).

290 2371 437 2433 Affinitas
464 2374 614 2451 quaedam
638 2380 686 2434 est
707 2374 790 2434 inter
812 2368 1095 2454 άναγραμματισμόν
1118 2381 1150 2432 et
1173 2365 1336 2446 ίσοψήφοιν

205 2476 336 2553 11111114),
353 2479 402 2536 cui
418 2477 634 2538 Artemidorus
652 2479 872 2537 auctoritatem
886 2477 1033 2539 maiorem
1051 2475 1163 2536 tribuit
1185 2493 1336 2550 quemque

205 2576 273 2654 ipse
288 2579 444 2639 nonnullis
456 2580 533 2640 loeis
545 2580 689 2640 adhibet:
701 2582 826 2660 γαλῆ-τ
835 2578 902 2656 δίκη
911 2608 954 2631 =
963 2581 1005 2638 42
1015 2584 1055 2658 (p.
1067 2580 1136 2653 179,
1146 2578 1200 2657 26),
1213 2599 1280 2646 ρ--
1293 2568 1337 2633 ἐπ’

206 2674 310 2758 άγαθά
326 2709 368 2733 =
384 2674 501 2762 άνγελία
512 2711 555 2734 ==
564 2684 637 2765 πεζῇ
648 2711 692 2734 =
707 2678 775 2758 μένε
785 2710 829 2734 =
846 2679 933 2741 πέδαι
945 2709 988 2732 =
999 2679 1066 2756 νέμε
1077 2708 1120 2731 =
1136 2683 1196 2739 100
1211 2679 1253 2757 (p.
1266 2664 1336 2752 181,

205 2783 261 2862 11),
284 2777 468 2862 γραῦς-τι)
490 2781 743 2864 ἕκφοράε704
765 2791 805 2864 (p.
830 2785 900 2860 217,
922 2787 964 2860 2);
988 2777 1338 2860 aviln=lgopiu=60
1375 2861 1379 2869 ,

128 2918 131 2927 ‹
207 2886 249 2963 (p.
274 2888 343 2962 185,
365 2888 412 2955 rel.

292 2988 411 3049 Eadem
440 2990 520 3050 ratio
549 2990 626 3050 mihi
655 2992 758 3051 inesse
786 2990 912 3051 videtur
933 2990 980 3050 IV
1004 2990 1046 3046 24
1056 2988 1088 3066 5),
1117 2988 1171 3047 ubi
1193 2988 1225 3046 in
1247 2985 1337 3047 libris

206 3089 358 3168 seriptum
380 3102 442 3152 est:
466 3086 566 3170 Σύρος
581 3086 598 3152 o‘
612 3095 667 3152 τοῦ
677 3087 883 3172 Ἀντιπάτρου
902 3091 1010 3161 δοῦλος
1025 3078 1078 3170 (τά
1090 3090 1156 3150 ood.
1172 3090 1210 3168 V,
1226 3109 1283 3148 om.
1299 3088 1338 3163 L)

206 3185 348 3252 ὑποκάτω
377 3197 437 3254 τῶν
467 3194 570 3255 ποδῶν
592 3191 687 3255 αὐτοῦ
709 3190 786 3254 αὐτά
809 3188 844 3255 τά
867 3192 999 3270 πέλματα
1021 3191 1120 3264 leoga
1143 3192 1213 3272 (om.
1233 3191 1274 3267 V)
1297 3184 1338 3265 μὴ

207 3291 290 3371 ἔχειν.
320 3299 378 3368 ζοῖν
399 3291 537 3374 κατεκάη.
569 3299 711 3359 Heroher
730 3302 845 3358 retinet
860 3292 906 3367 τά,
923 3297 1007 3358 delet
1022 3289 1058 3353 τά
1081 3293 1213 3369 πέλματα
1235 3299 1266 3354 et
1290 3286 1339 3370 μὴ,

208 3418 264 3475 pro
289 3393 366 3457 αὐτά
388 3401 498 3461 scribit
521 3389 596 3477 αὖα,
619 3401 680 3461 iam
702 3420 812 3462 sensus
834 3399 977 3476 efficitur,
998 3397 1055 3459 sed
1069 3398 1166 3459 verba
1180 3394 1340 3456 violentis-

207 3502 285 3561 sime
315 3510 542 3564 oommutantur
568 3524 669 3580 neque
695 3503 888 3581 intellegitur
918 3522 996 3579 quae
1026 3500 1164 3561 affinitas
1194 3499 1236 3558 sit
1257 3498 1340 3557 inter

208 3603 268 3664 hoe
283 3606 434 3665 somnium
450 3615 482 3667 et
505 3606 728 3668 antecedentia.
766 3607 833 3684 Ego
857 3618 965 3667 contra
987 3602 1184 3665 scribendum
1207 3600 1339 3662 conicio:

208 3701 310 3784 Σάρος
333 3700 351 3767 ὁ
372 3711 426 3767 τοῦ
457 3702 652 3789 Ἀντιπάτρου
682 3708 788 3778 δοῦλος
814 3701 956 3768 άποκάτοι
979 3710 1039 3767 τῶν
1061 3704 1165 3766 ποδῶν
1187 3697 1281 3764 αὐτοῦ
1303 3697 1339 3761 τά

208 3806 340 3884 πέλματα
370 3808 471 3882 έδοξεν
501 3808 542 3888 μ-ι)
572 3810 656 3889 ἔχειν,
685 3806 762 3870 αὐτοὶ
783 3819 819 3872 ut
842 3831 880 3871 ex
903 3809 1118 3888 dittographia
1139 3807 1229 3868 verbi
1251 3814 1339 3867 ante·

209 3911 349 3973 cedentis
390 3922 491 3975 ortum
528 3915 668 3977 reiciens.
726 3914 909 3992 Exemplum
946 3908 1203 3973 antecedentibus
1240 3910 1340 3970 simile

209 4034 278 4076 esse
302 4016 410 4094 debet;
441 4018 630 4079 antecedunt
651 4018 714 4078 tria
742 4018 868 4094 somnia,
899 4037 1028 4093 quorum
1057 4034 1152 4075 unum
1182 4012 1222 4072 ad
1244 4012 1340 4071 inter·

209 4119 394 4195 protundum
426 4116 582 4197 ίσόψηφος
613 4142 674 4183 vox
705 4119 878 4181 adhibetur.
930 4118 1033 4178 Huius
1063 4118 1125 4177 1οοί
1155 4113 1340 4175 diffieillima

296 4274 321 4331 1)
337 4288 364 4342 p.
382 4272 442 4337 216,
462 4289 491 4325 ιι
511 4288 551 4340 sq.
721 4269 749 4338 2)
767 4287 794 4340 p.
814 4269 855 4334 16,
875 4285 915 4322 1ο.
1105 4267 1132 4332 3)
1150 4282 1177 4335 p.
1195 4265 1254 4331 217,
1274 4281 1297 4318 r.

295 4357 322 4423 4)
340 4373 397 4410 una
413 4356 577 4410 afferuntur.
864 4354 892 4423 5)
910 4371 938 4424 p.
955 4352 1015 4419 217,
1035 4368 1075 4406 ει.
