3254 4890
710 316 837 395 532
884 352 921 359 ..

257 499 328 578 pide
358 500 556 578 coniungitur
585 502 668 581 apud
691 502 861 563 Aristidem
891 510 923 564 et
952 504 1019 582 ipse
1042 503 1218 564 hominibus
1241 505 1383 565 medeba-

255 610 306 662 tur
316 602 369 678 1⁴);
401 623 506 664 omnes
540 612 644 665 autem
666 604 737 665 illos
761 605 834 666 deos
859 627 927 666 cum
951 607 1137 685 Aesculapio
1161 607 1388 683 quodammodo

209 728 212 734 ¹
256 704 420 766 cohaerere
452 706 645 784 intellegitur
675 728 713 768 ex
744 708 893 769 Aristidis
924 730 966 769 or.
988 709 1069 771 XIV
1098 702 1226 789 (Ῥώμης
1256 690 1388 790 lyrein),

254 811 348 871 Dind.
364 813 388 890 I,
411 833 439 891 p.
456 813 535 872 318:
560 810 593 870 αἱ
613 805 638 870 d’
655 807 838 890 Ἀσκληπιοῦ
861 808 975 892 χάριτες
996 812 1045 872 καὶ
1070 816 1128 872 τῶν
1150 805 1214 875 κατ’
1230 812 1388 893 Αἴγυπτον

256 916 335 973 θεῶν
358 917 413 973 νῦν
435 918 570 975 πλεῖστον
592 913 638 985 εἰς,
656 898 842 994 σ’ννθρυὶπους
865 910 1086 977 ἒπεδεδῶκασιν.

340 1017 556 1078 Artemidorus
578 1038 700 1096 semper
732 1014 881 1097 ἱστορικόν
911 1024 978 1080 sive
1005 1014 1136 1095 μυθικὸν
1165 1013 1253 1096 λόγον
1282 1024 1386 1097 sequi-

253 1128 320 1195 tur;
344 1129 510 1197 utrumque
532 1121 564 1180 in
588 1121 737 1181 omnibus'
752 1123 887 1199 somniis,
911 1123 1024 1199 quibus
1047 1123 1122 1183 deos
1146 1122 1258 1199 aliquis
1280 1124 1385 1199 ridet;

172 1282 178 1293 ,
253 1222 341 1281 illum
361 1243 430 1283 cum
453 1222 492 1281 ad
515 1223 639 1299 plantas
661 1227 727 1284 sive
751 1225 895 1284 animalia
916 1245 972 1302 per
994 1224 1145 1285 somnium
1169 1225 1237 1285 visa
1259 1224 1384 1285 fabulas

254 1345 333 1401 quae
349 1325 387 1385 de
403 1327 448 1385 eis
463 1336 630 1386 narrantur
649 1325 749 1403 affert,
772 1326 853 1387 huuc
878 1349 945 1388 oum
969 1326 1068 1402 affert,
1092 1348 1221 1405 quorum
1243 1348 1387 1406 quaeque

252 1429 360 1506 planta
394 1439 426 1489 et
458 1428 601 1505 quodque
634 1429 747 1488 animal
780 1430 907 1490 deorum
940 1449 1028 1491 sacra
1061 1429 1186 1491 ineunt.
1241 1431 1283 1490 Et
1313 1431 1386 1492 loco

253 1550 347 1609 supra
377 1540 613 1592 commemorato
644 1531 712 1609 ipse
742 1532 823 1591 hane
853 1532 1118 1610 interpretationis
1140 1535 1222 1596 viam
1245 1554 1313 1595 esse
1335 1554 1385 1594 se·

253 1634 406 1710 quendam
427 1633 597 1712 profitetur.

337 1738 447 1813 Itaque
485 1738 514 1796 ei
550 1736 594 1796 ad.
627 1742 758 1815 somnia,
796 1738 910 1815 quibus
947 1739 1154 1817 Aesculapius
1191 1749 1223 1801 et
1258 1740 1386 1820 Serapis

251 1838 406 1915 videntur,
427 1839 661 1917 interpretanda
683 1861 800 1918 paucae
824 1850 856 1901 et
878 1850 983 1901 certae
1005 1842 1090 1919 leges
1113 1841 1281 1920 sufficiunt,
1304 1863 1386 1920 quae

251 1942 452 2001 inveniuntur
474 1942 508 2000 II
531 1944 572 2001 37
596 1947 628 2001 et
649 1943 683 2014 H
705 1944 755 2003 39.
799 1944 838 2002 In
864 1944 991 2003 somniis
1015 1951 1117 2004 autem
1141 1964 1158 2004 a
1181 1945 1328 2023 Serapide
1350 1953 1382 2006 et

250 2046 437 2123 Aesculapio
460 2046 571 2122 missis,
605 2066 684 2122 quae
706 2046 890 2107 incubantes
912 2047 1029 2131 vident,
1060 2047 1302 2124 interpretandis
1324 2048 1384 2108 hae

250 2148 337 2225 leges
366 2146 509 2208 sufficere
531 2168 592 2206 non
614 2157 753 2226 possunt.
798 2149 930 2209 Sidous
953 2150 1019 2228 ipse
1042 2148 1161 2209 somnia
1182 2150 1288 2227 mittit,
1311 2170 1383 2211 cou-

250 2250 367 2311 iunctie
390 2250 606 2329 physiologica
628 2254 710 2311 inter
732 2251 822 2312 deum
847 2259 878 2311 et
901 2251 1104 2315 somniantem
1127 2250 1270 2313 efficitur.

337 2370 428 2431 Nune
444 2374 562 2430 somnia
584 2370 708 2447 singula
731 2391 810 2448 quae
832 2372 915 2449 apud
930 2371 1160 2432 Artemidorum
1182 2375 1382 2432 inveniuntur

250 2473 468 2551 perlustranda
489 2478 577 2549 sunt;
602 2481 695 2548 atque
718 2494 761 2549 ea,
785 2472 825 2532 ad
848 2493 926 2550 quae
949 2462 1133 2551 explicanda
1148 2468 1280 2549 μυθικὸς
1294 2468 1381 2556 λόγος

250 2573 409 2636 suffecerit
438 2576 520 2636 unde
552 2576 716 2653 desumpta
748 2578 812 2635 sint
844 2576 1009 2637 decernere
1038 2596 1099 2635 non
1129 2577 1314 2655 poterimus;
1344 2595 1384 2636 ea

251 2686 361 2758 autem,
393 2679 432 2738 ad
463 2698 542 2756 quae
570 2672 698 2752 φυσικός
724 2677 812 2758 λόγος
840 2678 1034 2740 adhibendus
1064 2677 1168 2757 fuerit,
1198 2680 1261 2740 illis
1290 2679 1385 2740 libris

251 2780 289 2840 de
312 2781 424 2857 quibus
447 2783 506 2842 hoo
529 2781 630 2861 eapite
653 2784 773 2858 egimus
796 2788 887 2841 erunt
909 2781 1114 2842 attribuenda.

337 2885 441 2961 Atque
458 2893 531 2945 sunt
553 2885 614 2945 tria
636 2885 755 2945 somnia
777 2905 857 2960 quae
879 2904 918 2945 ex
931 2884 1122 2945 Artemidori
1145 2884 1263 2945 ratione
1285 2888 1381 2944 inter-

248 2986 401 3065 pretanda
423 3008 491 3047 esse
514 2987 678 3050 videntur:
703 2990 732 3064 1)
748 2987 784 3064 V,
801 2989 894 3064 661):
918 2985 1000 3059 ἔδοξέ
1022 3009 1065 3058 τις
1087 2985 1180 3065 λέγειν
1203 2982 1284 3068 αὐτῷ
1308 3009 1379 3060 τινα,

249 3081 355 3148 ’θῦσον
377 3092 417 3170 τῷ
446 3082 636 3172 Ἀσκληπιῷῖ
687 3093 723 3174 τῇ
758 3082 897 3173 ὑστεραία
931 3084 1041 3173 μεγάλη
1064 3091 1207 3172 συμφορᾷ
1230 3082 1382 3168 ἐχρήσατο.

250 3187 418 3268 κατηνέχθη
448 3186 503 3272 γὰρ
525 3186 588 3253 dud
611 3185 760 3269 ὄχηματος
782 3189 1053 3270 περιστρεφθὲντας
1074 3189 1125 3250 καὶ
1148 3190 1304 3269 συνετρίβη
1326 3184 1380 3267 τὴν

249 3296 332 3371 χεῖρα
346 3288 402 3370 τήν
417 3289 524 3366 δεξιάν.
548 3296 606 3356 hoc
621 3296 740 3356 somnio
757 3296 918 3356 calamitas
940 3295 1012 3355 talis
1034 3294 1285 3374 praenuntiatur;
1307 3313 1382 3353 nam

249 3397 277 3458 si
306 3398 405 3458 bonae
437 3398 623 3459 valetudinis
652 3399 769 3459 homini
797 3419 847 3458 res
879 3405 1019 3458 osteum
1041 3397 1230 3475 Aesculapio
1252 3414 1383 3457 neeesse

250 3508 389 3561 osteum
413 3510 574 3579 aegrotum
596 3500 671 3561 fieri.
705 3503 736 3578 2)
758 3501 796 3577 V,
822 3502 906 3577 13²):
931 3498 1013 3571 ἔδοξε
1035 3503 1107 3570 παῖς
1129 3492 1291 3575 παλαιστὴς
1312 3496 1381 3576 περὶ
1482 3504 1487 3518 ·

173 3674 176 3681 Δ
249 3605 301 3677 τῆς
316 3601 473 3681 ἐγκρίσεως
487 3598 694 3681 πεφροντικώς
716 3598 768 3662 τόν
785 3596 967 3680 Ἀσκληπιὸν
988 3596 1092 3682 αριτην
1115 3593 1188 3661 εἶναι
1213 3598 1264 3661 καὶ
1286 3622 1379 3678 παρο-

250 3699 346 3764 δεύων
362 3701 424 3781 ἅμα
439 3710 502 3777 τοῖς
522 3700 620 3777 ἄλλοις
642 3704 746 3765 παισὶν
768 3704 799 3766 ἐν
822 3706 1016 3790 παρεξαγωγῇ
1038 3698 1099 3766 ὑπὸ
1121 3706 1176 3765 τοῦ
1198 3707 1275 3765 θεοῦ
1298 3702 1379 3763 ἔκκε-

248 3808 381 3886 κρίσθαι.
414 3806 465 3867 καὶ
488 3803 525 3886 δη
549 3802 608 3888 πρὸ
631 3811 686 3868 τοῦ
708 3803 825 3888 ἀγῶνος
848 3802 1010 3870 ἀπέθανεν.
1039 3809 1146 3869 Recte.
1176 3808 1257 3868 Nam
1278 3810 1306 3868 si
1328 3808 1382 3866 hic

249 3912 334 3987 deus,
350 3915 403 3988 qui
426 3911 465 3971 de
487 3920 586 3972 morte
609 3919 640 3972 et
659 3913 726 3972 vita
747 3912 904 3971 hominum
927 3910 1055 3989 iudicat,
1078 3911 1211 3988 aliquem
1232 3910 1380 3985 excludit,

248 4015 314 4075 vita
336 4013 482 4075 excludit.
526 4015 558 4091 3)
580 4015 618 4094 V,
641 4015 732 4093 26⁸):
778 4011 862 4085 ἔδοξέ
884 4035 927 4084 τις
949 4017 1004 4073 τοῦ
1028 4007 1205 4092 Σαράπιδος
1227 4005 1259 4072 τό
1284 4004 1379 4084 ὄνομα

333 4232 358 4300 1)
376 4232 448 4287 conf.
466 4249 488 4287 s.
505 4236 520 4303 ᾗ
539 4235 563 4288 7.
898 4232 926 4301 2)
942 4251 969 4303 p.
987 4235 1047 4300 266,
1067 4249 1107 4288 rr.

332 4316 358 4385 3)
376 4334 403 4387 p.
420 4317 480 4385 256,
499 4334 540 4373 so.
895 4320 922 4381 4)
938 4336 965 4389 p.
984 4317 1044 4385 258,
1064 4334 1103 4373 ro.
