3254 4890
681 351 1002 439 -44-,

221 539 283 599 iam
306 539 461 615 adnotavi,
485 559 668 616 quamquam
692 538 799 600 fabula
821 532 958 599 nondum
981 540 1089 601 addita
1112 549 1167 601 est.
1201 539 1262 600 Sed
1284 548 1352 599 tota

221 647 317 703 series
350 642 535 718 illustratur,
568 644 595 702 si
628 642 874 720 Geoponicorum
910 643 1024 702 librum
1053 643 1104 702 XI
1137 642 1351 722 perquirimus.

221 745 334 805 Insunt
349 745 430 805 enim
445 745 561 805 multae
580 765 629 806 res
652 745 880 823 mythologicae
904 751 936 806 et
957 746 1106 807 historiae
1128 747 1161 806 in
1182 747 1242 806 hoc
1262 746 1351 822 libro,

221 848 309 908 cuius
324 868 405 908 unus
420 847 507 908 locus
524 868 593 908 cum
608 848 805 909 Artemidoro
824 848 917 927 plane
933 849 1102 910 consentit:
1125 850 1193 909 Art.
1207 870 1238 926 p.
1255 850 1325 924 119,
1339 866 1353 908 s

171 958 174 961 ’
222 944 346 1029 [δάφνη]
378 946 549 1027 ίατροῑςδέ
570 949 622 1010 καὶ
645 945 766 1027 μάντεσι
787 945 864 1031 πρδς
886 946 940 1028 την
962 950 1064 1029 τέχνην
1087 949 1145 1012 έστί
1169 947 1280 1028 ληπτέα
1302 944 1353 1009 διοί

220 1046 273 1112 τδν
305 1046 480 1113 Ἀπόλλωνα
511 1062 553 1098 ‘-
585 1052 680 1131 Geop.
708 1053 766 1130 XI,
800 1054 828 1131 2,
858 1055 877 1132 §
901 1054 953 1132 31)
963 1076 973 1123 :f
1000 1052 1052 1114 καλ
1083 1057 1226 1130 μαντικῆς
1255 1051 1353 1113 ἔκτοτε

221 1155 321 1236 γέγονε
352 1151 503 1233 σύμβολον
534 1149 566 1216 ro*
598 1151 768 1229 φυτόν...
799 1157 870 1235 §A
915 1156 947 1217 σί
974 1155 1094 1218 παλαιοί
1117 1159 1158 1240 τῷ
1186 1150 1352 1217 Ἀπόλλωνι

220 1261 400 1336 καθιεροῦσι
417 1252 485 1335 την
517 1253 636 1335 δάφνην
658 1303 715 1325 ...
736 1259 756 1338 ξ
779 1260 814 1318 6·
843 1256 962 1338 λέγουσι
993 1256 1024 1320 δὲ
1055 1258 1106 1320 καί
1132 1263 1186 1321 τοῦ
1208 1258 1353 1339 περὶτῆς

220 1355 347 1437 δάφνης,
378 1356 422 1421 ίίτι
453 1353 565 1440 ὑγιείας
597 1358 676 1421 ἐστίν
707 1356 872 1439 ἐργαστικη.
919 1363 980 1422 Sed
1011 1372 1114 1423 cetera
1137 1383 1257 1441 quoque
1281 1382 1352 1422 exa-

219 1465 379 1525 minemus.
423 1465 563 1551 Historia
593 1464 632 1524 de
665 1464 812 1525 Narcisso
844 1465 912 1525 Art.
943 1466 967 1543 I,
1001 1469 1050 1544 77,
1084 1466 1181 1544 Geop.
1210 1466 1268 1543 XI,
1293 1466 1350 1523 224.

220 1567 289 1628 Art.
310 1567 416 1645 I,·77:
448 1565 480 1626 οἱ
507 1565 533 1623 δ’
563 1564 595 1625 ἐκ
619 1567 728 1642 κρίνων
758 1563 911 1646 γεγονότες
939 1566 980 1638 εἰς
1011 1566 1132 1638 ἐλπίδας
1154 1562 1352 1643 ἀναβάλλουσι

221 1663 257 1728 τοί
273 1663 440 1748 πράγματα.
471 1670 559 1729 Haec
578 1669 616 1729 ad
633 1670 780 1730 Herculis
802 1669 965 1730 historiam
988 1678 1139 1751 spectant,
1162 1674 1215 1748 qui
1235 1671 1351 1730 multos

220 1770 343 1834 demum
365 1779 437 1851 post
458 1772 582 1832 labores
604 1771 685 1832 inter
707 1772 782 1832 deos
804 1781 949 1850 receptus
972 1789 1035 1834 est:
1058 1774 1155 1857 Geop.
1170 1774 1228 1852 XI,
1247 1776 1294 1833 19.
1309 1808 1352 1816 -

220 1877 288 1935 Art.
310 1876 335 1953 I,
360 1878 416 1936 77:
448 1869 582 1950 σἰμπέλου
613 1870 644 1934 δὲ
674 1874 724 1934 καὶ
753 1877 859 1935 κισσοῦ
881 1870 998 1952 μόνοις
1017 1880 1080 1947 τοῖς
1111 1874 1178 1955 περὶ
1201 1873 1351 1936 Διόνυσον

219 1980 361 2055 τεχνίταις
382 1975 537 2056 συμφέρει.
582 1977 678 2056 Geop.
696 1978 758 2056 XI,
780 1980 837 2038 29:
851 2026 852 2029 ,
867 1973 973 2053 κιττός,
995 1972 1028 2038 ro*
1052 1974 1159 2054 ἄνθος,
1179 1975 1246 2050 νέος
1269 1972 1352 2058 ίτύγ·

219 2101 286 2158 χανε
315 2078 470 2160 πρότερον,
501 2075 642 2159 χορευτὴς
665 2075 816 2140 Διονύσου
846 2075 1011 2161 γενόμενος.
1032 2118 1075 2126 -
1097 2083 1212 2161 ΑΜ,
1236 2084 1292 2143 77:
1323 2080 1355 2141 οί

219 2179 251 2242 δὲ
282 2182 319 2242 ἐκ
344 2185 403 2242 τῶν
437 2177 607 2260 ῥόδων...
642 2186 734 2242 πᾶσιν
764 2179 879 2263 ἀγαθοὶ
908 2178 985 2261 πλὴν
1013 2187 1072 2244 τῶν
1101 2180 1271 2245 νοσούντων
1301 2180 1351 2243 καὶ

218 2289 278 2346 τοίν
300 2281 462 2346 λανθάνειν
484 2282 682 2363 πειρωμένων.
720 2280 775 2356 οὓς
797 2282 850 2363 μὲν
872 2280 927 2366 γὰρ
952 2284 1110 2366 ἀναιροῦσι
1132 2282 1183 2347 διδ
1205 2280 1237 2346 τδ
1259 2272 1352 2363 ἐὐμά-

220 2411 337 2468 ραντον,
360 2382 414 2460 otc
437 2385 469 2449 δέ
492 2386 640 2468 ἐλέγχουσι
662 2386 712 2448 διὰ
734 2382 789 2465 τὴν
803 2384 909 2466 ὀσμήν.
939 2390 1024 2451 Rosa
1040 2392 1072 2450 in
1087 2391 1218 2452 historia
1232 2391 1350 2451 Adoni·

219 2491 268 2552 dis
292 2498 324 2552 et
339 2492 471 2553 Veneris
496 2492 688 2552 clandestino
711 2512 813 2551 amore
838 2494 1072 2553 coniunctorum
1096 2502 1350 2554 commemoratur
1468 2544 1473 2563 ,

220 2596 316 2676 Geop.
339 2597 397 2669 XI,
421 2594 470 2656 17.
514 2596 563 2654 Ex
592 2594 651 2655 hac
679 2594 811 2655 historie
839 2594 1098 2671 significationem
1122 2595 1248 2657 fluxisse
1270 2595 1350 2657 veri-

218 2700 350 2759 similius
374 2706 422 2759 cst
443 2719 535 2776 quam
559 2718 597 2758 ex
611 2697 802 2757 Artemidori
825 2698 1038 2775 explicatione,
1061 2718 1140 2775 quae
1164 2701 1308 2776 quotiens
1332 2720 1350 2759 a

218 2802 344 2880 proprio
368 2801 570 2861 fundamento
592 2800 720 2861 recedat
742 2801 967 2861 demonstravit
982 2801 1075 2861 Riese
1087 2801 1112 2882 ²)
1129 2838 1168 2846 —
1184 2802 1252 2863 Art.
1267 2802 1291 2879 I,
1309 2805 1349 2861 77

219 2905 258 2964 de
282 2904 373 2964 violis
396 2904 560 2981 disputans
583 2912 647 2963 tres
670 2922 775 2962 eorum
798 2902 938 2963 diversos
962 2904 1079 2964 colores
1103 2903 1278 2981 distinguit,
1298 2904 1351 2980 qui

218 3007 300 3067 idem
322 3008 524 3067 inveniuntur
546 3005 641 3083 Geop.
664 3004 723 3082 XI,
747 3005 796 3064 22.
819 3041 861 3049 —
884 3005 951 3065 Art.
973 3006 997 3083 I,
1022 3008 1061 3064 77
1093 3002 1143 3065 καί
1167 2998 1185 3065 δ
1207 3007 1351 3082 μυρσίνης

220 3105 252 3168 δὲ
279 3103 313 3167 τί
345 3104 421 3168 αὐτοὶ
444 3113 509 3179 ταῖς
533 3103 631 3177 ἐλαίαις
653 3106 797 3184 σημαίνει.
842 3107 903 3168 Sed
927 3129 981 3168 cur
1002 3109 1062 3169 hoc
1084 3108 1148 3187 fiat,
1171 3129 1231 3169 non
1255 3108 1350 3187 expli-

219 3221 316 3273 cetur.
360 3212 561 3274 Manifestum
593 3210 629 3270 fit
661 3211 840 3290 inspicienti
871 3211 967 3290 Geop.
989 3211 1048 3289 XI,
1079 3214 1115 3272 6:
1147 3206 1184 3271 οὐ
1216 3207 1269 3287 μὲν
1298 3204 1350 3271 τδν

218 3309 321 3375 πόθον
353 3307 490 3391 Ἀθηνᾶς
522 3309 691 3388 ἀφείλοντο,
725 3305 795 3371 ἄλλοί
825 3309 983 3392 προσμένει
1012 3316 1048 3396 τῇ
1078 3316 1149 3396 θεῷ
1173 3307 1349 3393 προσφιλής,

218 3413 359 3496 καθάπερ
388 3415 438 3476 καί
470 3409 491 3494 ἦ
522 3414 611 3491 ἐλαία,
642 3414 694 3476 καί
722 3419 883 3491 μεταθεῖσα
913 3411 964 3477 τδν
993 3415 1062 3493 βίον
1092 3409 1153 3475 ἄντ’
1177 3413 1283 3476 ἐλαιῶν
1312 3412 1349 3475 τοί

218 3516 315 3601 μύρτα
345 3523 543 3600 καρποφορεῖ.
570 3556 605 3563 -
630 3520 698 3580 Art.
719 3519 763 3599 H,
786 3522 827 3578 25
852 3523 914 3588 τοῖς
936 3514 967 3578 δὲ
990 3512 1088 3588 ίίλλοις
1110 3514 1220 3578 δίπασιν
1242 3514 1350 3597 σἰηδίας

217 3621 269 3684 καὶ
299 3625 398 3702 φυγῆς
429 3619 485 3681 είσί
514 3618 692 3699 σημαντικαί
721 3624 820 3700 [πίτυς
849 3620 900 3680 καί
930 3615 1093 3700 στρόβιλος]
1127 3616 1177 3681 διαί
1207 3615 1239 3680 τδ
1269 3618 1349 3695 φιλέ-

218 3750 326 3806 ρημον.
369 3726 451 3785 Num
473 3726 551 3786 haec
573 3744 695 3801 quoque
717 3723 757 3784 ad
779 3723 901 3785 tristem
923 3724 1086 3784 historiam
1109 3725 1205 3804 Geop.
1226 3725 1284 3803 XI,
1310 3728 1350 3784 10

218 3829 383 3891 referenda
418 3829 514 3890 sunt?
573 3829 665 3888 Tales
704 3826 829 3887 fabulae
862 3828 970 3904 quales
1003 3827 1085 3906 apud
1118 3828 1350 3888 Artemidorum

218 3932 390 4012 reperimus
413 3930 453 3992 ad
475 3930 645 3991 Alexandri
668 3950 783 3991 morem
806 3929 920 4007 optime
943 3930 1105 4007 quadrant
1138 3931 1249 4007 Itaque
1271 3931 1349 3991 hacc

219 4035 322 4114 capita
345 4053 383 4094 ex
404 4033 584 4094 Alexandro
606 4031 732 4093 fluxisse
755 4041 887 4093 nonest
909 4053 965 4093 cur
986 4052 1143 4111 negemus.

305 4136 367 4198 Sed
388 4136 440 4197 hic
462 4142 568 4196 tantus
588 4135 670 4195 inter
684 4135 915 4196 Artemidorum
931 4144 962 4196 et
978 4135 1157 4214 Geoponica
1179 4155 1348 4197 consensus

306 4360 332 4425 1)
350 4355 463 4411 Beckhii
481 4355 629 4412 editionem
646 4370 753 4426 sequor.
881 4355 909 4424 2)
927 4354 981 4410 aa
999 4355 1038 4410 Μ.
1056 4355 1090 4410 49
1108 4373 1135 4425 p.
1155 4353 1205 4409 170
1221 4372 1262 4424 sq.
