3254 4890
733 336 924 399 ..3-

260 525 376 600 optime
392 522 564 583 innotuisse
580 543 636 601 pro
653 531 738 584 certo
754 523 930 585 habendum
946 533 1009 598 est3
1032 525 1089 586 sed
1109 524 1201 586 etiam
1225 533 1394 587 ceterorum

261 627 456 701 antiquorum
472 624 569 685 libros
584 624 670 702 legit,
682 645 866 702 quamquam
882 623 945 685 ἔνια
960 620 1011 685 διαὶ
1025 620 1080 702 τήν
1092 621 1272 705 ἀρχαιότητα
1283 626 1394 688 σπάνια

260 724 311 785 καὶ
336 724 544 806 διεφθαρμένα
565 726 698 805 ideoque
719 731 822 789 minus
844 728 1030 807 pervulgata
1051 727 1150 790 fuisse
1174 738 1310 791 testatur
1319 731 1351 807 1).

347 917 367 995 ξ
398 917 426 978 2.
474 913 515 975 Ol
546 909 627 976 πάνυ
660 916 781 976 παλαιαί
817 916 939 993 quaudo
972 916 1144 979 floruerint
1157 918 1270 997 aliquo
1303 920 1394 979 modo

262 1018 460 1078 determinari
475 1018 549 1079 inde
563 1025 676 1098 potest,
692 1018 774 1096 quod
790 1020 970 1079 balneorum
985 1019 1245 1097 significationem
1259 1023 1395 1101 nondum

261 1130 420 1181 noverant.
458 1121 537 1181 Tum
552 1122 681 1181 enimin
701 1142 760 1182 usu
781 1121 906 1182 fueraut
929 1115 1094 1198 ἀσάμινθοι
1105 1125 1138 1204 ²),
1161 1145 1290 1201 quorum
1313 1125 1395 1202 apud

261 1225 432 1296 Homerum
447 1224 563 1286 mentio
577 1224 622 1285 fit.
648 1225 761 1301 Itaque
777 1224 986 1302 quaerendum
1002 1232 1058 1301 est,
1075 1226 1199 1303 quando
1216 1228 1396 1287 balneorum

261 1349 336 1388 usus
352 1335 414 1387 tam
430 1326 578 1405 frequens
594 1327 705 1411 factus·
718 1329 769 1405 sit,
790 1333 827 1388 ut
848 1326 1107 1405 significationem
1129 1329 1255 1394 lavandi
1277 1337 1395 1390 mutare

260 1451 388 1491 necesse
426 1438 518 1491 esset.
572 1430 746 1500 Βαλανείαις
782 1437 885 1490 autem
921 1451 990 1492 cum
1023 1430 1249 1509 Aristophanes
1282 1431 1395 1509 aliique

261 1533 370 1594 comici
386 1532 500 1593 acriter
513 1533 768 1611 repugnaverint,
790 1533 974 1594 concludere
989 1533 1063 1593 licet
1078 1533 1133 1592 illa
1150 1541 1226 1594 tunc
1247 1534 1396 1612 temporis

261 1636 398 1696 nondum
435 1636 476 1697 ab
509 1637 651 1696 omnibus
683 1635 860 1696 hominibus
893 1655 962 1696 esse
994 1639 1121 1696 usitata
1176 1635 1238 1701 Sed
1269 1639 1396 1697 ineunte

262 1747 374 1815 quarto
404 1760 423 1800 a
452 1739 523 1799 Chr.
553 1760 582 1799 n.
611 1738 735 1800 saeculo
766 1737 906 1813 βαλανεῖα
933 1738 1059 1817 publica
1088 1738 1221 1799 Athenis
1250 1739 1395 1800 instituta

262 1843 377 1920 sunit),
407 1862 507 1919 neque
538 1842 706 1918 quidquam
735 1848 842 1900 notum
874 1848 922 1901 est
952 1840 1030 1901 alias
1058 1840 1202 1901 civitates
1225 1851 1317 1902 antea
1338 1842 1396 1902 hoc

261 1945 382 2007 fecisse.
426 1945 537 2021 Itaque
560 1951 692 2004 exeunte
715 1947 833 2020 quinto,
856 1943 983 2003 ineunte
1006 1951 1116 2019 quarto
1139 1964 1165 2004 a.
1182 1943 1253 2003 Ohr.
1276 1965 1305 2004 n.
1327 1964 1395 2004 sae-

263 2051 332 2110 culo
363 2056 486 2125 tempus
517 2046 615 2107 fuisse
647 2045 779 2121 videtur,
809 2066 869 2121 quo
901 2046 979 2106 bene
1003 2046 1065 2105 alia
1087 2054 1180 2122 atque
1202 2056 1294 2106 antea
1316 2047 1395 2121 ratio

262 2151 388 2212 lavandi
417 2150 540 2211 institui
571 2155 701 2229 poterat.
745 2147 836 2220 Quod
859 2168 928 2208 cum
950 2148 1163 2227 superioribus
1186 2149 1310 2209 minime
1333 2150 1395 2209 dis·

262 2261 377 2332 crepat,
393 2253 507 2332 quibus
522 2252 803 2312 demonstravimus
826 2250 969 2327 antiquos
993 2255 1176 2312 onirocritas
1199 2260 1308 2329 quarto
1330 2250 1396 2311 fere

262 2357 386 2418 saeculo
408 2356 517 2416 florere
541 2355 688 2433 coepisse.
733 2352 824 2425 Quod
846 2352 1062 2414 Artemidorus
1089 2364 1196 2416 narrat
1218 2354 1396 2431 antiquissi-

261 2483 327 2522 mos
360 2460 490 2521 fulmine
526 2460 568 2521 ici
605 2458 756 2519 divitibus
789 2458 917 2536 malum,
953 2458 1144 2537 pauperibus
1177 2459 1291 2518 bonum
1329 2477 1396 2518 esse

262 2565 405 2625 docuisse
415 2564 447 2641 4),
469 2567 502 2622 in
524 2562 701 2623 memoriam
722 2571 850 2624 revocat
873 2583 953 2639 quae
968 2562 1146 2624 Herodotus
1169 2570 1201 2622 et
1220 2562 1395 2639 Aeschylus

263 2668 302 2727 de
324 2666 444 2726 invidia
467 2666 594 2725 deorum
617 2670 757 2726 sentiunt
767 2666 799 2741 ⁵).
843 2666 940 2725 Plura
961 2666 1130 2726 nescimus:
1154 2668 1260 2741 itaque
1282 2684 1320 2724 ex
1343 2662 1396 2739 eis,

264 2790 342 2846 quae
358 2768 396 2827 de
412 2767 550 2844 antiquis
566 2768 650 2828 dicta
665 2776 746 2846 sunt,
761 2767 822 2827 erit
836 2766 1103 2846 proficiscendum.
1134 2744 1279 2839 Quicum
1295 2774 1396 2826 certas

263 2872 349 2950 leges
378 2869 607 2947 interpretandi
636 2869 697 2948 ipsi
726 2869 911 2948 invenerint,
942 2868 1109 2930 verisimile
1140 2876 1188 2929 est
1216 2869 1286 2929 illos
1316 2870 1396 2929 tales

263 2975 349 3052 leges
372 2972 508 3033 nondum
531 2970 722 3032 adhibuisse.

274 3100 279 3107 ·
348 3078 416 3137 Iam
431 3075 579 3154 temporis
594 3073 713 3134 ratione
729 3095 896 3152 monemur,
918 3082 954 3134 ut
976 3075 1006 3133 in
1030 3073 1139 3133 horum
1162 3072 1396 3134 onirocritarum

263 3200 423 3240 numerum
438 3179 730 3258 Antiphontem
753 3177 980 3256 sophistam
998 3176 1178 3238 inseramus.
1208 3175 1397 3253 Fragmenta

263 3285 337 3346 libri
367 3283 574 3362 Antiphontei
604 3280 729 3358 collegit
758 3280 1019 3339 Hermannus
1050 3278 1252 3356 Sauppef).
1286 3277 1396 3338 Omnia

264 3407 342 3464 quae
362 3387 401 3447 de
416 3385 621 3463 Antiphontis
644 3404 736 3462 opere
760 3403 797 3442 ex
820 3383 878 3443 hac
901 3381 1084 3443 collectione
1106 3383 1328 3458 cognoscimus,
1351 3381 1396 3439 ita

351 3556 377 3621 l)
395 3570 422 3623 p.
440 3554 465 3619 2,
486 3570 525 3607 10.
912 3550 939 3618 2)
955 3566 983 3619 p.
1001 3550 1043 3615 57,
1063 3564 1102 3602 ra.

350 3640 377 3705 3)
396 3638 419 3692 Ι.
433 3656 458 3692 v.
471 3638 597 3704 Mueller,
615 3636 724 3693 Griech.
743 3635 925 3690 Privataltert.
944 3652 970 3705 p.
985 3635 1046 3700 133,
1061 3634 1111 3700 134
1128 3631 1252 3700 (Handb.
1267 3632 1311 3686 IV
1325 3633 1348 3697 1,
1361 3631 1396 3696 2).

351 3726 377 3785 4)
396 3740 422 3794 p.
441 3724 483 3789 93,
502 3740 526 3779 s.

351 3810 378 3872 5²)
396 3809 431 3864 cl.
449 3809 494 3863 W.
509 3809 675 3875 Hoffmann,
692 3807 792 3863 Aeseh
810 3824 838 3861 u.
858 3805 962 3861 Herod.
981 3804 1049 3859 iiber
1066 3803 1118 3858 den
1137 3802 1231 3870 coito:
1248 3801 1296 3856 der
1314 3802 1398 3857 Gott-

264 3896 331 3961 heit,
349 3893 441 3948 Philol
465 3893 523 3948 XV
542 3895 637 3963 (1860),
655 3912 682 3964 p.
699 3894 751 3947 224
768 3910 808 3963 sq.

351 3981 378 4048 6)
397 3979 441 4033 De
457 3979 629 4049 Antiphoute
652 3978 783 4050 sophista,
806 3977 869 4032 Ind.
892 3976 976 4032 schol
1000 3975 1125 4045 Gottiug.
1151 3973 1225 4038 1867,
1249 3991 1276 4043 p.
1295 3975 1336 4038 17,
1355 3975 1395 4027 18.

265 4065 348 4135 Quod
371 4065 453 4120 affert
474 4081 508 4119 ex
525 4064 656 4119 Clement.
679 4064 759 4119 Alex.
778 4064 880 4119 Strom.
898 4065 913 4116 7
931 4079 959 4132 p.
977 4061 1027 4115 712
1046 4060 1082 4114 0:
1101 4057 1233 4126 χαρίεντα
1256 4059 1300 4111 ταῦ
1318 4056 1395 4111 'Atri-

264 4156 376 4222 φῶντας·
391 4152 570 4217 αἰωνισαμέναυ
582 4150 649 4211 τινὰς
667 4147 707 4205 ὅτι
724 4153 868 4217 κατέφαγεν
887 4141 917 4209 ὗς
934 4147 966 4201 τὰ
983 4147 1120 4213 δελφάκια,
1138 4141 1297 4209 θεασάμενος
1315 4141 1396 4208 αὐτὴν

264 4237 313 4293 tot
329 4239 402 4304 λιμαῦ
415 4270 449 4277 -
460 4236 691 4303 κατισχααμμένην,
703 4236 795 4302 Χαῖρε,
809 4231 885 4294 εἶπεν.
900 4233 942 4287 ἐπὶ
955 4234 993 4301 τῷ
1013 4230 1125 4298 σημείῳ,
1143 4225 1182 4282 ὅτι
1200 4224 1267 4282 οὕτω
1284 4232 1396 4283 neronior

264 4321 297 4376 rai
315 4325 348 4376 cd
367 4319 413 4376 οὐκ
433 4322 513 4390 ἔφαγε
531 4321 608 4374 τέκνα
621 4319 765 4375 —dubito
777 4336 845 4372 num
858 4318 929 4373 libro
946 4315 1119 4373 onirocritico
1136 4314 1172 4368 sit
1190 4313 1395 4369 attribuendum

1212 4417 1241 4468 l*
