3254 4890
702 365 915 428 ..25-

329 553 442 613 Elucet
457 552 514 611 bos
531 551 698 630 scriptores
720 550 809 611 libris
832 551 897 612 suis
920 551 1044 628 singula
1068 550 1187 610 somnia
1209 560 1377 625 enarrasse,

240 677 376 735 quorum
407 656 445 715 de
475 654 631 715 nonnullis
660 653 742 727 infre
765 675 865 715 sermo
887 654 949 715 fiet
993 654 1073 714 Inde
1095 654 1156 714 iam
1176 652 1378 730 intellegitur,

243 758 398 836 quomodo
420 756 487 817 fieri
509 756 655 834 potuerit,
681 766 718 816 ut
741 757 869 818 Artemo
892 766 940 818 101
962 758 1059 819 libros
1082 756 1256 833 conficeret,
1278 775 1379 831 neque

242 870 295 923 est
318 882 373 923 cur
395 860 497 921 Odero
510 860 534 939 1)
558 859 762 920 assentiamur
784 863 957 939 suspicanti
979 861 1178 920 Artemonem
1202 865 1233 917 et
1256 858 1379 918 Gemini

247 974 278 1024 et
293 963 446 1024 Demetrii
468 962 565 1024 libros
588 963 619 1021 in
642 982 698 1023 suc
722 983 814 1040 opere
837 964 1042 1023 coniunxisse.
1080 963 1173 1022 Hunc
1188 962 1379 1021 Artemidori

242 1069 345 1128 locum
380 1087 447 1127 cum
478 1066 526 1126 IV
555 1067 595 1124 22
627 1070 822 1144 coniungere,
857 1066 939 1142 quod
971 1066 1046 1128 fecit
1079 1065 1204 1140 Oderl),
1237 1072 1379 1124 vetamur

245 1173 377 1248 primum
394 1168 478 1246 quod
493 1169 552 1229 hoc
567 1168 634 1229 loco
647 1169 862 1229 Artemidorus
878 1168 1148 1229 vehementissime
1163 1168 1196 1226 in
1211 1167 1378 1245 scriptores

243 1273 356 1333 allatos
385 1272 553 1348 invehitur,
584 1272 637 1331 illo
667 1272 736 1332 loco
764 1277 950 1332 somniorum
973 1272 1187 1350 Serapicorum
1211 1269 1378 1346 scriptores

243 1395 370 1453 prorsus
405 1374 475 1435 eliis
509 1375 548 1434 de
585 1378 687 1435 causis
718 1375 1011 1453 praetermittendos
1045 1381 1160 1450 censet,
1193 1378 1260 1432 tum
1295 1370 1378 1449 quod

241 1478 364 1539 somnia
386 1476 487 1536 adhuc
510 1481 667 1537 exstantia
689 1497 817 1555 prorsus
840 1466 932 1537 aliam
955 1476 1089 1555 speciem
1112 1496 1187 1553 prae
1210 1495 1243 1536 se
1265 1474 1378 1535 ferunt.

245 1581 293 1641 De
323 1579 497 1640 rationibus
526 1579 753 1657 interpretandi
784 1581 817 1638 hi
846 1583 1014 1658 scriptores
1045 1579 1124 1638 nihil
1155 1578 1378 1655 exhibuerunt3

245 1703 316 1742 nem
346 1682 406 1743 nisi
438 1687 484 1742 ite
511 1702 544 1743 se
572 1703 623 1742 res
645 1682 785 1760 haberet,
814 1683 1031 1742 Artemidorus
1055 1702 1107 1742 eos
1130 1684 1378 1759 praetermittere

245 1807 307 1847 non
344 1785 461 1845 debuit.
515 1786 624 1862 Neque
661 1786 822 1862 Fulgentii
855 1786 955 1864 Myth.
986 1786 1021 1844 Π
1053 1786 1124 1860 13³)
1161 1785 1219 1846 hoc
1252 1783 1379 1844 credere

241 1890 398 1965 cogimur3
430 1892 501 1947 nam
531 1888 590 1948 hoc
619 1888 687 1949 loco
709 1907 771 1948 non
794 1891 969 1966 exponitur,
999 1887 1151 1965 quomodo
1175 1887 1294 1948 somnia
1316 1890 1379 1946 sint

244 1990 487 2069 interpretanda,
510 1991 567 2050 sed
589 1990 740 2066 quomodo
763 2012 839 2051 vera
860 1991 978 2051 somnia
1001 1995 1185 2054 excitentur.

330 2093 378 2153 De
415 2092 548 2170 singulis
585 2094 791 2171 scriptoribus
828 2093 921 2153 liceat
957 2092 1033 2152 mihi
1071 2097 1179 2172 paucis
1217 2093 1379 2153 disserere.

243 2196 323 2256 (lum
355 2196 515 2273 Fulgentii
551 2196 619 2256 loco
656 2197 750 2256 allato
782 2196 900 2274 primus
933 2196 1073 2274 Antipho
1109 2196 1265 2257 coniector
1299 2196 1379 2256 anti-

243 2299 421 2376 quissimus,
445 2297 600 2359 secundus
622 2299 828 2359 Philochorus
858 2302 937 2360 satis
960 2300 1115 2376 antiquus,
1138 2299 1194 2358 sed
1216 2298 1379 2376 recentior,

243 2401 352 2462 ultimo
382 2402 450 2462 loeo
473 2402 601 2481 Serapio
632 2410 894 2481 commemoretur,
925 2402 978 2480 qui
1008 2408 1040 2462 et
1065 2410 1192 2480 propter
1214 2423 1324 2464 nomen
1348 2410 1379 2462 et

244 2513 373 2584 propter
400 2509 535 2584 patriam
565 2507 675 2567 seriori
697 2506 821 2566 demum
843 2506 939 2566 aetati
961 2505 1179 2566 attribuendus
1202 2525 1271 2565 esse
1293 2505 1378 2565 vide·

243 2609 343 2685 11114),
375 2616 505 2686 apparet
537 2616 709 2687 temporum
741 2609 849 2668 ordine
878 2610 1046 2686 scriptores
1077 2617 1272 2668 enumeratos
1302 2628 1378 2668 esse.

244 2710 357 2786 Itaque
391 2712 647 2772 Artemonem
684 2733 746 2772 non
776 2718 847 2772 ente
884 2712 1011 2772 tertium
1048 2731 1075 2771 a.
1113 2711 1184 2771 Chr.
1221 2712 1379 2771 saeculum

244 2811 387 2872 floruisse
418 2813 495 2873 satis
523 2813 693 2874 verisimile
723 2822 780 2874 est.
824 2814 904 2873 Eum
936 2813 974 2873 de
1004 2817 1081 2873 visis
1111 2815 1213 2890 egisse
1243 2822 1378 2874 testetur

245 2915 363 2974 Artem.
379 2913 403 2990 Ι,
427 2915 491 2992 25).
525 2915 638 2975 Exstat
661 2916 747 2975 eliud
770 2937 892 2993 quoque
916 2917 954 2976 de
977 2917 1145 2976 Artemone
1167 2916 1378 2976 testimouium

246 3016 331 3094 apud
353 3017 562 3096 Porphyrium
591 3020 624 3077 in
654 3019 781 3080 scholiis
808 3021 848 3079 ad
870 3021 906 3080 Il.
932 3020 1065 3079 11854:
1098 3015 1196 3078 πόθεν
1219 3012 1236 3079 o‘
1261 3014 1378 3098 Πάτρο-

246 3122 315 3190 κλος
338 3111 419 3179 older
441 3116 486 3179 ὅτι
511 3115 661 3198 Ἀχιλλεύς
681 3127 779 3181 κτενεῖ
797 3116 850 3182 τὸν
867 3117 1006 3201 Ἕκτορα
1022 3170 1028 3183 .
1046 3170 1052 3183 .
1070 3145 1096 3195 ‚3
1120 3118 1165 3182 ὅτι
1189 3116 1263 3182 nurci
1284 3116 1377 3200 'Apre-

245 3216 324 3298 μόνα
354 3217 407 3281 τόν
431 3215 586 3300 Μιλήσιον
615 3222 646 3284 ἒν
668 3225 709 3305 τῷ
731 3221 798 3299 περὶ
823 3217 956 3304 ὄνείρων,
980 3218 1052 3285 ὅταν
1074 3220 1229 3308 ἀθροισθῇ
1252 3217 1272 3300 ἡ
1295 3218 1377 3301 ψυχὴ

246 3323 276 3396 ἐξ
297 3319 369 3385 ὅλου
391 3329 445 3386 τοῦ
467 3321 606 3401 σώματος
628 3320 705 3405 πρὸς
727 3323 759 3386 ω’
780 3324 970 3405 ἐκκριθῆναι,
988 3323 1192 3404 μαντικωτᾶτη
1208 3328 1334 3406 γίγνεται
1344 3327 1377 3402 ⁶).

245 3427 294 3487 Ne
331 3448 369 3488 ex
402 3429 461 3489 hoc
494 3430 619 3505 quidem
653 3429 830 3490 testimonio
864 3430 927 3488 ullo
961 3429 1051 3489 modo
1085 3430 1269 3490 concludere
1303 3429 1378 3489 licet

246 3530 444 3590 Artemonem
474 3535 663 3611 exposuisse,
694 3531 845 3609 quomodo
868 3535 987 3592 somnia
1010 3541 1114 3593 essent
1136 3530 1377 3610 interpretanda.

334 3683 360 3748 1)
379 3680 526 3747 Susemihl,
544 3681 610 3736 Litt.
628 3681 655 3737 d.
673 3682 764 3749 Alex,
781 3699 807 3752 p.
826 3682 885 3737 875.

332 3765 360 3830 2)
378 3766 444 3821 ibid.
462 3785 489 3837 p.
506 3767 566 3834 874,
584 3784 643 3823 ree.

333 3853 360 3920 3)
377 3850 425 3906 ‘At
451 3869 515 3907 vero
539 3854 627 3908 amice
646 3852 784 3925 Apollinis
809 3853 844 3909 ob
871 3853 943 3908 hanc
967 3870 1026 3908 rem
1052 3860 1167 3908 vocatur
1191 3855 1239 3923 (sc.
1263 3853 1379 3923 laurus),

244 3936 313 4008 quie
323 3934 364 3991 illi
377 3937 470 4008 quide
481 3938 705 4009 interpretatione
717 3940 887 3995 somniorum
901 3940 1077 4010 scripserim,
1086 3940 1232 4010 Antiphon
1244 3945 1271 3994 et
1285 3939 1378 3995 Philo·

243 4023 346 4078 chorus
369 4028 397 4077 01
413 4020 549 4078 Artemon
573 4030 602 4078 01
620 4023 751 4096 Serapion
769 4025 951 4090 Ascalonites,
975 4026 1139 4094 promittant
1162 4026 1191 4078 in
1214 4023 1291 4079 libris
1311 4025 1377 4092 suis,

245 4109 355 4164 luurum
379 4111 402 4163 si
423 4109 623 4164 dormientibus
645 4109 681 4164 ed
705 4115 790 4181 caput
812 4109 943 4180 posueris,
967 4126 1032 4164 vere
1054 4110 1161 4165 somnia
1178 4126 1236 4166 esse
1253 4111 1377 4167 visuros.

246 4194 290 4249 De
306 4195 481 4266 Antiphonte
498 4195 534 4250 cf.
553 4213 574 4250 s.
592 4195 659 4266 Cep.
677 4195 692 4249 1
710 4198 725 4265 ξ
742 4195 767 4250 2.
814 4202 818 4209 ’

332 4283 359 4348 4)
378 4299 403 4335 v.
421 4281 502 4336 infre.
880 4283 907 4349 5)
927 4298 954 4351 p.
972 4284 997 4347 5,
1018 4298 1056 4336 rs.

332 4370 359 4437 6)
377 4367 461 4435 Odor,
479 4366 542 4423 Sus.
560 4367 584 4434 Ι,
602 4385 629 4438 p.
647 4368 707 4433 875,
727 4384 789 4433 rse;
807 4366 842 4421 ci.
861 4366 969 4433 Rohde,
987 4367 1102 4437 Psyche,
1120 4368 1135 4422 I
1154 4386 1180 4439 p.
1198 4368 1258 4423 54².
