3254 4890
706 336 920 398 „26-

250 521 373 600 Optime
391 513 520 600 'singula
542 524 682 600 exempla
705 521 816 590 afferre
838 522 949 600 potuit,
978 523 1067 600 quale
1089 543 1183 581 unum
1206 523 1380 582 luculenter

250 630 424 683 enarratum
444 625 628 702 invenimus,
651 643 835 702 quamquam
858 625 983 685 serioris
1006 629 1126 702 aetatis,
1149 627 1182 683 in
1196 625 1379 702 Phlegontis

248 726 331 786 Hist.
355 728 462 787 mirab.
485 748 510 789 c.
533 729 592 788 ΙΠ.
637 728 699 787 Sed
727 727 860 788 fortasse
894 727 1080 788 censendum
1103 735 1150 788 est
1172 727 1380 805 Porphyrium

250 848 288 888 ex
311 829 372 889 alio
395 830 572 897 Artemonis
595 851 687 908 opere
709 829 861 909 hausisse,
884 830 967 906 quod
991 830 1101 890 dubito
1123 851 1164 890 an
1186 850 1248 889 non
1270 830 1310 889 ad
1332 835 1380 889 tot

249 931 398 991 librorum
425 952 503 1010 opus
525 933 694 1012 respiciens
717 932 885 993 scholiasta
907 924 948 993 „v
970 923 1101 1015 τῷπερλ
1124 926 1253 1012 ὀνείρων
1276 932 1380 992 dicere

249 1037 394 1111 potuerit.

335 1137 383 1197 De
414 1137 623 1198 Demetrio
653 1139 855 1199 Phalereo
884 1138 1030 1198 Laertius
1059 1139 1216 1216 Diogenes
1240 1136 1280 1196 76
1302 1138 1382 1196 haec

250 1247 371 1300 narrat:
401 1238 510 1321 λέγεται
541 1237 573 1300 δὲ
602 1235 793 1316 ἀποβαλόντα
824 1234 916 1300 αὐτὸν
943 1233 995 1310 τοὶς
1017 1233 1105 1314 ὄψεις
1127 1239 1159 1299 ἐν
1180 1232 1381 1321 Ἀλεξανδρείᾳ

251 1342 436 1414 κομίσασθαι
466 1330 558 1414 αὖθις
588 1338 671 1422 παραὶ
699 1346 754 1403 τοῦ
775 1338 960 1421 Σαράπιδος,
991 1338 1064 1402 ὅθεν
1086 1339 1136 1402 καὶ
1159 1336 1231 1412 τούς
1252 1344 1382 1411 παιᾶνας

251 1439 322 1513 τούς
355 1443 438 1523 μέχρι
468 1449 523 1505 νῦν
556 1440 730 1529 ᾀδομένους.
783 1445 977 1522 Quamquam
1008 1445 1146 1505 fabulam
1178 1448 1279 1524 ipsam
1312 1465 1381 1505 cum

252 1547 436 1609 Susamihlio
448 1549 471 1625 1)
501 1550 604 1627 reicio,
637 1557 742 1610 tamen
767 1550 801 1609 in
830 1549 1008 1609 narratione
1037 1548 1155 1625 aliquid
1184 1549 1251 1609 veri
1279 1550 1382 1609 inesse

252 1669 344 1726 posse
372 1659 465 1729 puto:
497 1652 630 1713 fortasse
660 1653 838 1713 Demetrius
867 1653 1004 1713 carmina
1032 1652 1073 1712 ad
1095 1651 1274 1731 Serapidem
1303 1653 1381 1711 cele·

252 1751 405 1813 brandum
425 1757 605 1833 composuit,
629 1755 741 1832 quibus
765 1776 842 1832 quae
864 1756 1109 1834 perhibebantur
1130 1754 1295 1833 posteriori
1318 1754 1381 1814 cui-

253 1854 325 1914 dam
347 1856 463 1917 homini
485 1858 719 1918 fundamentum
738 1860 950 1937 praebuerunt
972 1859 1012 1918 ad
1032 1851 1129 1918 libros
1146 1856 1223 1918 illos
1247 1859 1383 1934 quinque

253 1960 500 2021 conscribendos.
1083 1940 1087 1951 ἱ

339 2061 586 2141 Serapionis
612 2084 724 2124 nomen
746 2071 831 2124 certo
855 2064 983 2125 consilio
1005 2064 1189 2142 inscriptum
1212 2084 1280 2125 esse
1302 2064 1383 2124 libro

253 2162 385 2243 videtur,
416 2173 451 2225 ut
479 2166 541 2225 iam
564 2165 648 2226 Oder
671 2166 834 2227 adnotavit
843 2169 875 2244 2).
919 2166 1019 2227 Simili
1042 2164 1131 2226 modo
1154 2170 1279 2227 nomina
1301 2167 1385 2227 clara

253 2263 343 2325 libris
360 2269 596 2330 ¹commenticiis
627 2269 779 2347 inscripta
801 2278 883 2348 sunt,
912 2276 947 2329 ut
969 2269 1196 2348 Epimenidisss)
1218 2270 1298 2330 libro
1322 2268 1384 2330 oui·

254 2367 324 2427 dam
348 2369 387 2430 de
403 2372 544 2451 oraculis,
560 2372 765 2451 Melampodis
774 2374 798 2448 4)
810 2374 904 2433 libris
927 2370 993 2450 περ)
1016 2365 1147 2451 τεράτων
1168 2370 1218 2431 καὶ
1242 2372 1380 2448 σημείων,

254 2469 322 2549 περὶ
338 2476 473 2549 παλμῶν,
489 2473 556 2554 περὶ
575 2474 688 2548 ἐλαιῶν,
702 2476 943 2554 Astrampsychi
963 2475 1156 2535 oraculorum
1176 2476 1353 2537 collectioni
1363 2473 1386 2551 5)

255 2580 287 2633 et
318 2573 398 2647 libro
429 2577 666 2656 onirocrieicor').
711 2577 773 2638 Sed
802 2579 901 2656 magis
924 2583 1019 2638 etiam
1040 2578 1101 2638 huc
1123 2577 1292 2638 revocandi
1314 2583 1387 2637 sunt

254 2676 423 2755 scriptores
450 2681 568 2758 erotici,
591 2683 644 2758 qui
666 2701 815 2759 persaepe
839 2682 962 2742 nomina
984 2701 1001 2741 e
1022 2682 1172 2741 librorum
1195 2682 1386 2758 argumentis

255 2779 317 2839 sibi
339 2780 509 2859 finxerunt,
532 2784 721 2845 Heliodorus
741 2784 795 2860 qui
809 2780 984 2845 Αἰθιοπικά
1005 2784 1140 2862 scripsit,
1162 2804 1201 2843 ex
1222 2783 1399 2861 Rohdeil),

255 2889 291 2940 ut
313 2884 389 2942 mihi
408 2885 540 2966 videtur,
563 2887 736 2948 rectissima
758 2887 944 2964 coniectura,
966 2907 1077 2946 nomen
1100 2887 1139 2946 de
1154 2886 1225 2946 Sole
1248 2888 1388 2963 sumpsit,

257 2984 365 3045 eodem
395 2989 485 3050 modo
513 2996 550 3049 ut
566 2991 714 3068 ΙΧαρίτων
736 2983 754 3049 o‘
776 2984 991 3067 Ἀφροδισιεύς
1022 2997 1053 3050 et
1082 2989 1123 3048 ad
1146 2990 1270 3049 Gratias
1293 2986 1388 3047 etad

257 3086 411 3149 Venerem
441 3101 584 3170 spectare
601 3092 777 3170 7ιιιιλολιιιὸ).
821 3093 910 3153 Talia
940 3093 1042 3152 omnia
1072 3093 1112 3151 ad
1141 3099 1281 3170 tempora
1311 3088 1389 3149 satis

187 3269 195 3276 ¹
256 3194 394 3252 recentia
416 3193 580 3254 referenda
602 3203 683 3256 sunt.

344 3294 391 3354 De
415 3295 580 3357 Gemino
603 3298 682 3357 nihil
704 3306 810 3358 notum
833 3305 890 3361 est.

344 3397 403 3459 His
435 3399 638 3479 scriptoribus
669 3401 875 3461 adserendum
897 3420 965 3461 esse
987 3407 1063 3478 puto
1085 3398 1290 3459 Phoebum
1311 3398 1388 3458 An-

258 3498 511 3582 tiochenum,
543 3503 658 3582 quippe
681 3505 735 3580 qui
756 3504 864 3564 eodem
886 3503 976 3563 modo
999 3509 1093 3578 atque
1115 3500 1243 3561 Artemo
1266 3502 1390 3580 singula

258 3604 377 3664 somnia
406 3606 599 3667 enarraverit
607 3607 631 3685 9)
662 3612 694 3666 et
724 3607 762 3667 de
786 3606 852 3668 viso
876 3607 970 3667 verba
992 3604 1103 3665 fecerit
1111 3605 1156 3683 1⁰),
1180 3625 1241 3681 qua
1262 3625 1296 3664 re
1318 3624 1389 3682 pro·

347 3827 372 3893 1)
391 3824 497 3881 Susam.
516 3844 543 3897 p.
561 3827 621 3893 875,
643 3842 698 3882 ιετ.
905 3825 932 3890 2)
951 3844 978 3896 p.
995 3825 1055 3892 876,
1075 3842 1132 3881 rea.

345 3911 372 3978 3)
391 3910 426 3965 G.
445 3911 541 3978 Wolff,
559 3911 694 3983 Porphyr.
712 3911 747 3966 de
763 3911 862 3983 philos.
881 3929 915 3966 ex
932 3909 1049 3965 oraculis
1066 3908 1227 3976 haurienda,
1244 3927 1271 3980 p.
1289 3909 1331 3964 52.

342 3997 372 4064 4)
390 3996 426 4051 cf.
443 4014 465 4051 e.
484 3997 550 4068 Gap.
569 3997 600 4051 II
621 4001 636 4067 ξ
654 4000 685 4065 5;
708 3998 742 4053 cf.
761 3995 962 4063 Krumbacher,
985 3996 1052 4066 Byz.
1070 3995 1138 4050 Litt.
1157 3995 1175 4062 ²,
1198 4013 1225 4065 p.
1244 3995 1302 4059 630,
1319 3993 1346 4058 8,
1365 4008 1389 4046 1.

346 4084 373 4147 5)
391 4082 457 4137 ibid.
475 4101 502 4154 p.
521 4083 580 4140 628.
908 4086 934 4151 6)
949 4081 1015 4137 ibid.
1033 4099 1061 4152 p.
1078 4081 1137 4136 629.

346 4168 372 4232 7)
391 4167 439 4223 Gr.
458 4169 576 4235 Roman,
593 4188 620 4241 p.
638 4171 697 4225 444.
904 4168 931 4237 8)
950 4166 1016 4223 ibid.
1034 4185 1061 4238 p.
1079 4166 1138 4223 489.

345 4252 372 4321 9)
390 4254 496 4309 Artem.
515 4255 560 4311 IV
577 4256 611 4310 48
629 4258 666 4326 (p.
684 4255 744 4321 230,
764 4260 814 4324 aa),
833 4254 885 4321 IV,
904 4254 938 4309 66
955 4267 992 4324 (p.
1010 4252 1070 4317 242,
1090 4256 1141 4321 τι).

330 4340 373 4407 10)
390 4340 451 4396 Art.
470 4341 494 4408 Ι,
511 4341 527 4394 2
544 4345 581 4412 (p.
599 4344 624 4407 6,
645 4343 695 4410 ιο).
