3254 4890
706 341 747 350 ..
792 305 918 368 16--

249 491 427 567 testatur1).
472 490 557 551 Talis
587 491 813 553 coniunctionis
845 491 1061 553 auctoritatem
1094 495 1261 572 diligenter
1291 517 1381 574 argu·

251 593 365 653 mentis
395 592 550 655 stabilivit
579 593 830 671 Apollonius
859 574 1117 672 Attalensis;
1149 617 1221 658 nam
1252 599 1381 660 verbum

250 690 342 766 τόπος
364 696 459 774 loeus,
489 695 577 756 loeus
600 697 769 756 eommunis
792 706 840 757 est
868 697 1135 775 interpretandum
1165 707 1197 760 et
1227 701 1268 761 ad
1297 707 1380 762 ante·

251 798 410 859 cedentem
427 797 590 859 circuitum
606 791 708 876 (οὐδὲν
730 794 885 877 διαφέρειν
899 834 941 845 -
956 795 1161 880 προρρήσεως)
1176 802 1381 866 referendum.

250 900 435 977 Apollonius
458 901 499 961 ab
514 900 712 961 Artemidoro
736 901 796 960 alio
820 921 941 977 quoque
963 902 1032 963 looo
1054 903 1249 981 laudatur²):
1273 929 1383 981 μαρτυ-

250 995 348 1080 ρήσειε
378 995 405 1061 δ’
427 997 464 1062 ἀν
486 1001 537 1062 καὶ
556 997 755 1073 Ἀπολλώνιος
777 995 795 1062 o‘
816 996 969 1074 Ἀτταλεύς
991 1003 1021 1064 ἐν
1046 1004 1174 1089 δευτέρῳ
1196 1009 1250 1085 τῆς
1272 988 1383 1069 ἑαυτοῦ

250 1100 423 1178 συντάξεως.
452 1105 516 1166 Gur
528 1106 745 1169 Artemidorus
760 1113 893 1184 utroque
907 1086 974 1168 looo
994 1114 1058 1168 tam
1080 1109 1227 1171 distinete
1250 1111 1382 1171 alterum

250 1209 353 1287 operis
375 1209 490 1270 librum
512 1207 627 1269 affert?
659 1208 797 1270 Primum
828 1213 857 1269 ei
885 1231 947 1270 non
976 1210 1151 1273 innotuisse
1172 1231 1234 1272 non
1255 1221 1303 1274 est
1326 1233 1382 1274 our

250 1318 403 1390 putemus.
453 1311 533 1371 Mihi
562 1312 621 1372 hoo
650 1311 695 1371 ita
724 1311 850 1373 videtur
878 1313 1155 1391 interpretandum,
1184 1321 1220 1375 ut
1249 1319 1381 1393 primum

249 1415 365 1499 librum
389 1435 453 1474 non
474 1415 513 1474 de
535 1414 672 1491 somniis,
701 1413 757 1475 sed
780 1413 819 1474 de
842 1413 903 1474 alio
926 1414 1127 1476 divinationis
1149 1436 1262 1494 genere
1284 1416 1382 1479 fuisse

251 1525 432 1579 statuamus.
469 1517 549 1577 Tum
570 1517 603 1577 id
626 1537 756 1594 quoque,
779 1515 863 1594 quod
885 1518 924 1577 de
948 1517 1164 1577 coniunctione
1186 1539 1280 1598 supra
1301 1528 1382 1581 trao-

251 1626 317 1679 tata
347 1620 502 1698 disseruit,
534 1620 650 1698 optime
679 1620 780 1681 looum
810 1626 904 1680 tenet.
948 1620 1154 1698 Scriptores,
1181 1642 1261 1698 quae
1282 1623 1383 1701 primo

250 1723 330 1784 libro
345 1727 377 1783 in
393 1723 453 1784 alio
469 1743 582 1800 genere
599 1722 798 1784 divinationis
818 1723 982 1784 tractando
1004 1727 1067 1782 iam
1089 1725 1245 1802 attulerat,
1268 1724 1381 1785 iterum

251 1824 362 1886 afferre
391 1826 498 1886 noluit.
544 1826 626 1898 Quid
654 1839 758 1886 autem
787 1825 819 1885 in
851 1829 949 1904 primo
978 1826 1057 1886 libro
1087 1826 1232 1904 infuerit,
1266 1827 1383 1888 eortius

252 1927 373 1989 definiri
393 1930 501 2007 nequit
512 1931 545 2008 ³).

336 2032 405 2092 Ηοσ
427 2033 495 2093 looo
518 2032 557 2093 de
579 2031 774 2110 Melampode
796 2041 829 2092 et
850 2032 1027 2093 Phemonoe
1036 2034 1061 2112 4)
1085 2040 1133 2093 est
1155 2033 1318 2111 agendum.

339 2252 364 2317 1)
382 2269 409 2321 p.
428 2253 486 2318 136,
503 2251 546 2308 20.
894 2252 922 2320 2)
938 2269 965 2322 p.
984 2253 1026 2317 34,
1046 2269 1086 2306 τε,

287 2382 288 2387 ,
337 2337 506 2406 3JHeroher
522 2338 702 2409 inPhilologi
719 2339 772 2394 vol.
784 2338 860 2392 VIII
879 2337 965 2393 edidit
982 2354 998 2391 e
1015 2337 1074 2392 eod.
1089 2337 1212 2392 Vindob.
1240 2335 1384 2392 Michaelis

252 2423 336 2478 Pselli
358 2423 417 2488 περί
435 2421 678 2491 ω’μοπλατσσκσπίας
697 2425 742 2478 καί
759 2425 948 2487 οἰωνοσκοπίας,
966 2422 1015 2477 ubi
1032 2423 1147 2494 legimus
1165 2440 1192 2494 p.
1212 2424 1276 2477 167:
1295 2420 1384 2476 Ἀπολ-

252 2512 340 2570 λωνιος
360 2505 375 2563 ἀ
392 2509 595 2576 Δακεδαιμάνιος
612 2509 654 2563 ἐπὶ
671 2507 758 2577 πάσης
775 2508 890 2575 πράξεως
908 2509 989 2563 πάντα
1006 2507 1039 2563 τά
1056 2510 1107 2563 τῶν
1124 2513 1224 2576 πτηνῶν
1242 2506 1383 2576 περιειργά·

254 2613 315 2648 σατο
332 2592 464 2664 προλαβών
482 2594 526 2648 καί
544 2593 632 2662 φωνην
650 2594 695 2648 καί
712 2595 811 2661 πνεῦμα
835 2594 880 2647 καί
904 2590 1013 2661 derupta
1036 2595 1080 2647 καί
1106 2596 1198 2660 κλῆρον
1223 2594 1266 2647 καί
1294 2594 1384 2659 μέτρον

252 2680 298 2733 καί
316 2678 439 2746 μερισμόν
456 2679 501 2733 καί
518 2680 633 2747 περίοδον
650 2681 747 2733 τελείαν
766 2680 811 2733 καί
835 2677 947 2746 ἡμιτελῆ
971 2679 1016 2733 καί
1038 2670 1102 2749 ἦχον
1129 2678 1250 2749 τροχαλὸν
1277 2678 1386 2746 μοχερόν

254 2761 345 2834 εύηχον
369 2765 481 2834 δύοηχον
499 2766 626 2832 δυσηκοον
646 2766 787 2834 σύμφωνον
806 2762 954 2833 ἀντίφωνον,
979 2765 1007 2828 ἐξ
1025 2757 1061 2820 οἷν
1078 2765 1111 2820 τὰ
1128 2765 1239 2833 διάφορα
1257 2766 1307 2818 τῶν
1325 2763 1385 2818 ἀπο
1479 2783 1483 2788 ·

252 2849 415 2917 τελεσμάτων
440 2852 496 2917 είδη
522 2847 682 2917 εύρίσκεται.
707 2849 875 2918 μαντεύσεται
900 2851 930 2905 δέ
952 2869 992 2905 σοι
1015 2850 1044 2906 τό
1070 2851 1158 2918 μέλλον
1181 2852 1226 2905 καὶ
1243 2851 1323 2917 γλαῦξ
1341 2852 1386 2905 καί

253 2936 444 3001 δρυοκολάπτης
469 2936 512 2989 καί
538 2939 685 3003 βασιλίσκος
709 2935 754 2988 καί
771 2935 884 3000 ἐρώδιος.
912 2938 1055 2990 καὶταῦτα
1074 2937 1119 3003 μὲν
1138 2933 1187 2990 ἀπά
1207 2939 1257 2990 τῶν
1275 2938 1384 3002 πτηνῶν.

253 3020 353 3090 Neque
374 3019 409 3075 da
432 3020 570 3074 Attalensi
587 3038 676 3091 neque
693 3020 728 3075 de
744 3019 960 3076 Lacedaemonio
979 3021 1095 3076 oertiora
1111 3021 1221 3075 seimus.
1256 3020 1386 3074 Fortasse

254 3111 282 3159 et
299 3105 450 3159 Attalensis
476 3112 503 3160 et
520 3105 754 3161 Lacedaemonius
779 3123 850 3160 unus
872 3105 1000 3177 idemque
1021 3106 1105 3160 homo
1123 3111 1172 3170 est,
1189 3106 1212 3159 si
1236 3104 1384 3174 probamus

254 3191 500 3246 Lacedaemonium
518 3209 606 3245 unum
624 3210 659 3246 ex
676 3193 714 3247 eis
731 3192 818 3246 fuisse
834 3193 881 3262 qui
894 3191 1028 3247 Attalium
1040 3189 1239 3260 (Pamphyliae,
1256 3189 1293 3244 oi.
1310 3189 1386 3245 Oder

254 3277 327 3348 apud
341 3277 487 3341 Susamihl
506 3276 606 3332 Geeoh.
619 3276 646 3331 d.
659 3277 727 3332 Litt.
739 3276 766 3330 d.
778 3277 858 3331 Alex.
872 3295 900 3347 p.
912 3277 973 3336 872)
992 3277 1089 3331 μείνασι
1106 3281 1168 3329 tum
1191 3274 1227 3329 ab
1244 3275 1340 3330 Attalo
1353 3276 1385 3330 II

254 3363 394 3419 conditam
420 3363 500 3433 primi
528 3362 619 3416 sedem
646 3362 699 3416 sibi
724 3361 890 3433 delegerunt.
930 3362 1002 3416 Tum
1029 3366 1101 3416 reete
1127 3367 1153 3415 et
1179 3349 1331 3414 Attalensis
1359 3368 1388 3416 et

255 3448 488 3503 Lacedaemonius
506 3447 643 3502 nominari
661 3449 759 3518 potuit.

340 3536 367 3604 4)
386 3535 474 3589 Locos
500 3534 594 3588 attulit
612 3534 738 3599 Knaaek,
760 3534 894 3589 Analecta
910 3532 1239 3607 Alexandrino-Romana
1256 3549 1283 3602 p.
1303 3534 1386 3599 1-33

256 3619 396 3675 Susemihl
420 3638 448 3691 p.
470 3619 523 3675 298
548 3636 589 3689 sq.
625 3619 735 3686 Quibus
757 3619 858 3673 addam
882 3619 978 3689 Synes.
1001 3618 1036 3673 de
1061 3618 1205 3673 insomniis
1229 3617 1270 3672 ed.
1293 3617 1388 3672 Petav.

255 3723 282 3775 p.
302 3707 365 3760 154:
392 3704 464 3760 ούδὲν
487 3704 536 3772 γάρ
562 3701 644 3765 ούτως
668 3700 755 3771 ὥσπερ
779 3707 878 3772 πνεύμα
903 3702 1061 3772 εύτράπελον.
1097 3707 1154 3763 πῶς
1176 3697 1205 3757 ἀν
1232 3694 1273 3757 ούν
1292 3703 1317 3756 ἐν
1335 3711 1388 3763 τοῖς

255 3791 380 3857 ἀνομοίοις
402 3791 447 3843 καί
470 3789 548 3858 φύσει
571 3791 616 3843 καί
641 3791 712 3859 νάμῳ
734 3791 779 3843 καί
800 3789 877 3845 πάθει
895 3785 976 3844 ταύτά
995 3784 1024 3844 ἀν
1043 3787 1090 3844 tat
1109 3791 1161 3842 τῶν
1179 3785 1264 3843 αύτῶν
1282 3788 1388 3856 ἐμφανί-

257 3883 336 3938 ζοιτο;
355 3872 400 3929 σύκ
413 3876 468 3930 ἔστι
480 3880 563 3937 τοῦτο,
577 3873 631 3931 σύδ’
646 3870 676 3929 ἀν
689 3876 792 3943 γένοιτο.
817 3876 873 3936 πῶς
889 3872 912 3930 δ’
924 3871 954 3929 ἀν
967 3877 1062 3943 γένοιτο
1080 3873 1108 3929 τὸ
1127 3875 1299 3942 τεδολωμένον
1317 3869 1386 3936 ύδωρ

256 3962 300 4014 καί
325 3962 354 4016 τὸ
380 3961 500 4029 διαφανὲς
525 3961 570 4015 καί
594 3960 623 4015 τὰ
648 3962 720 4028 μένον
743 3961 787 4014 καί
809 3960 838 4015 τὸ
863 3960 1007 4027 κινούμενον
1032 3958 1080 4015 tat
1105 3962 1155 4026 τῆς
1179 3958 1261 4025 αύτῆς
1285 3957 1387 4024 μορφῆς

259 4043 351 4113 ἱμοίως
377 4048 531 4113 διατεθῆναι.
566 4046 588 4099 εἰ
613 4045 643 4101 δὲ
667 4046 712 4099 καί
734 4044 749 4100 ά
768 4049 845 4105 δολὸς
863 4041 947 4106 ἄλλως
965 4045 990 4098 ε’ν
1008 4041 1078 4115 ἀλλῳ
1097 4045 1163 4101 κατὰ
1181 4042 1306 4112 διαφοράς
1321 4060 1386 4110 χρω-

257 4129 344 4200 μάτων
369 4131 414 4184 καί
437 4133 464 4184 αἱ
486 4131 601 4198 κινήσεις
625 4131 650 4185 ἐν
673 4138 861 4200 χρηματισμοῖς
885 4132 1010 4185 πλείοσιν·
1036 4128 1118 4191 ούτως
1136 4125 1167 4183 ἀν
1184 4128 1210 4183 ἓν
1229 4128 1273 4194 μὲν
1291 4129 1330 4193 εἴη
1348 4128 1386 4196 τῷ

256 4219 324 4285 γένει
335 4215 363 4270 τά
378 4214 500 4283 ἁμαρτεῖν
512 4221 561 4285 τῆς
578 4213 700 4284 ἀκριβοῦς
715 4217 826 4277 είκόνσς·
845 4217 867 4270 εί
885 4213 908 4271 δ’
923 4215 978 4269 ἔστι
995 4215 1123 4283 διάφορον,
1142 4213 1186 4268 εἴτ’,
1201 4204 1243 4268 σύν
1261 4210 1388 4280 Φημονοή

256 4322 281 4356 τι
299 4304 349 4355 είτε
372 4320 409 4367 τῳ
427 4299 584 4367 Μελάμπους
602 4302 653 4354 είτε
672 4300 759 4366 ἕτερός
776 4320 815 4361 τις
832 4299 938 4363 ἀξιώσει
956 4299 1068 4355 καθόλου
1086 4319 1110 4353 τι
1127 4299 1185 4365 περὶ
1202 4300 1252 4352 τῶν
1269 4297 1390 4353 τοιούτων
