3254 4890
695 315 906 379 „24-

242 510 384 564 naturam
408 476 511 579 aliquo
534 502 624 561 modo
648 502 763 578 egredi.
796 502 840 562 At
863 501 1088 563 dormientibus
1111 523 1232 579 quoque
1254 506 1374 563 somnia

241 628 260 666 a
290 613 401 671 natura
434 604 632 664 abhorrentia
663 607 770 664 venire
800 613 940 682 possunt.
985 605 1022 664 In
1054 605 1136 682 quod
1167 626 1265 683 genus
1294 626 1373 666 som·

239 714 361 769 riorum
383 708 460 767 haec
482 713 555 767 sunt
576 706 764 785 inserenda?
805 705 1007 767 Manifestum
1030 715 1078 768 est
1101 709 1232 768 alteram
1253 717 1374 786 partem

131 812 135 819 ’
241 810 430 872 definitionis
467 829 486 869 a
522 810 681 869 Macrobio
720 810 836 870 certius
874 830 965 887 quam
1003 811 1108 870 decuit
1144 811 1374 888 pronuntiatam

240 934 318 991 esse,
341 921 373 973 et
394 912 475 972 hanc
497 917 572 991 puto
595 916 737 990 priorem.
768 912 858 984 Quod
880 933 973 990 saepe
992 912 1036 991 fit,
1051 914 1230 974 Macrobius
1253 933 1375 991 semper

238 1016 308 1076 fieri
338 1019 452 1075 censet.
495 1015 631 1074 Exstant
661 1020 765 1074 autem
793 1016 855 1074 loci
885 1015 997 1092 quibus
1020 1017 1234 1076 incubantium
1256 1015 1375 1075 somnia

238 1139 311 1179 cum
332 1119 599 1178 semisomniorum
613 1120 689 1181 visis
713 1127 939 1196 comparantur.
968 1120 1051 1180 Plut.
1067 1119 1105 1180 de
1122 1120 1199 1180 Gen.
1216 1120 1298 1180 Socr.
1317 1121 1374 1180 22τ
1475 1174 1476 1177 ,

239 1221 299 1298 ἔφη
340 1216 372 1280 δὲ
403 1213 535 1297 καταβάς
568 1218 609 1291 εἰς
641 1215 675 1281 τό
708 1225 846 1297 porteion
879 1226 1045 1300 περιτυχεῖν
1078 1218 1173 1306 σκότῳ
1207 1224 1305 1305 πολλῷ
1340 1214 1373 1281 τό

238 1325 367 1400 πρῶτον,
398 1314 447 1380 εἶτ’
481 1318 681 1399 ἐπευξάμενος
709 1327 830 1383 κεῖσθαι
860 1319 953 1384 πολύν
982 1319 1100 1401 χρόνον,
1132 1322 1168 1384 ού
1193 1320 1269 1402 μάλα
1299 1342 1372 1399 συμ-

238 1428 364 1502 φρονῶν
387 1422 525 1505 ἐναργῶς
540 1423 591 1484 εἴτ’
613 1424 771 1507 ἐγρήγορεν
794 1425 844 1486 εἴτ’
868 1423 1067 1504 ὠνειροπόλει.
1112 1428 1208 1489 Cuius
1235 1427 1296 1488 loci
1324 1428 1371 1486 in·

239 1528 321 1589 dicio
337 1527 437 1588 fretus
453 1528 668 1606 Sprengelium
678 1530 701 1606 1)
716 1542 801 1590 recte
816 1538 892 1608 puto
905 1530 1071 1590 Iamblichi
1085 1531 1187 1591 locum
1197 1532 1221 1611 2)
1234 1530 1274 1590 ad
1286 1533 1373 1591 incu-

240 1631 395 1692 bationam
412 1630 589 1692 rettulisse:
612 1626 649 1691 ού
673 1626 733 1708 μὴν
755 1631 788 1692 οἵ
808 1653 838 1692 τε
852 1627 1040 1709 θεόπεμπτον
1063 1628 1240 1709 καλούμενοι
1263 1627 1372 1712 ύνειροι

241 1736 348 1793 τοῦτον
370 1734 502 1814 γίνονται
523 1728 576 1794 τόν
594 1730 717 1813 τρόπον,
741 1729 832 1813 όνπερ
849 1729 886 1794 σύ
901 1733 999 1815 λέγεις.
1029 1729 1087 1795 ἀλλ’
1104 1735 1132 1795 εί
1143 1758 1190 1797 τοι
1204 1738 1259 1795 τοῦ
1273 1729 1373 1794 ύπνου

241 1832 465 1910 ἀπολείποντος,
494 1832 666 1915 ἀρχομένων
688 1830 755 1914 ἀρτι
777 1836 978 1918 ἐγρηγορέναι,
1001 1833 1126 1898 ἀκούειν
1149 1834 1271 1917 πάρεστί
1292 1857 1373 1905 τινος

240 1941 347 2016 φωνῆς
368 1935 528 2016 συντόμου,
560 1942 612 2016 τῆς
640 1942 699 1999 τῶν
721 1938 876 2019 πρακτέων
898 1934 1120 2020 ύφηγονμένης,
1144 1935 1165 2018 ἢ
1187 1933 1295 2016 μεταξύ
1318 1941 1373 1998 τοῦ

186 2068 188 2071 ’
241 2039 432 2121 ἐγρηγορέναι
461 2039 510 2101 καλ
543 2036 711 2102 καθεύθειν
742 2037 846 2117 όντων,
879 2037 973 2118 ἀλκαὶ
996 2046 1145 2113 παντελῶς
1167 2037 1372 2123 ἐγρηγορότων

240 2143 273 2202 αι’
300 2141 400 2216 φωναί
432 2137 603 2204 ἀκούονται.
648 2146 857 2223 Sequentibus
890 2147 994 2207 verbis
1025 2147 1149 2224 singula
1176 2147 1284 2206 eodem
1307 2144 1372 2204 fere

237 2247 331 2307 ‘modo
354 2255 448 2324 atque
479 2247 562 2325 apud
584 2248 787 2309 Plutarchum
810 2257 1002 2310 enarrantur.
1038 2251 1149 2327 Itaque
1173 2270 1243 2310 cum
1266 2247 1372 2308 videa-

238 2370 307 2409 mus
338 2369 489 2410 summam
520 2371 587 2411 esse
611 2333 857 2412 convenientiam
888 2355 971 2413 inter
992 2353 1206 2413 incubantium
1228 2357 1260 2411 et
1282 2350 1372 2410 semi-

239 2453 427 2512 somniorum
460 2453 587 2532 somnia‚
620 2459 688 2513 tota
720 2454 872 2514 Macrobii
906 2455 1070 2533 explicatio
1105 2455 1145 2514 ad
1179 2456 1298 2514 somnia
1331 2453 1370 2512 ab

238 2554 426 2632 Aesculapio
441 2559 543 2633 missa,
560 2556 642 2632 quod
659 2556 783 2633 quidem
806 2556 845 2616 ad
869 2557 1043 2634 antiquiora
1065 2567 1205 2637 tempora
1227 2560 1369 2633 attineat,

178 2690 181 2694 ·
239 2658 355 2735 optime
384 2656 524 2735 quadrat.
567 2658 618 2717 Ad
649 2658 751 2718 omnia
780 2660 858 2720 haec
884 2660 1013 2738 accedit,
1036 2661 1119 2737 quod
1140 2662 1269 2719 Artemo
1291 2678 1370 2718 som·

239 2763 360 2819 niorum
392 2761 534 2838 inprimis
567 2761 783 2839 Serapicorum
815 2764 972 2823 coniector
1002 2763 1040 2824 de
1071 2765 1148 2824 visis
1182 2765 1256 2839 egit,
1288 2766 1370 2821 teste

239 2861 437 2937 Artemidoro
447 2864 480 2941 ³).

207 3054 209 3059 ’
324 3049 344 3127 ξ
379 3052 406 3108 7.
466 3050 514 3109 De
559 3051 808 3111 somniorum
851 3052 1044 3130 inprimis
1082 3053 1369 3132 Serapicorum

239 3150 558 3212 coniectoribus
580 3154 796 3215 Artemidorus
818 3155 853 3213 H
874 3156 950 3234 444)
973 3156 1070 3216 verba
1092 3154 1182 3216 facit:
1213 3148 1370 3234 Ὀνείρους

239 3249 272 3312 δέ
289 3245 515 3331 ἀποβεβηκότας
536 3254 587 3314 καὶ
610 3250 662 3326 τάς
684 3251 850 3334 ἀποβάσεις
872 3251 972 3317 αύτῶν
994 3256 1051 3331 οὐκ
1074 3256 1218 3335 ἐνεδέχετο
1240 3255 1370 3338 γράφειν

240 3354 272 3416 ἐν
304 3354 389 3440 τέχνη
423 3351 641 3443 όνειροκριτικῇ
671 3354 729 3418 κούΙ
751 3351 926 3437 ύποθηκαις
956 3355 1171 3439 θεωρημάτων.
1215 3356 1288 3421 ούάέ
1318 3383 1368 3437 μοι

239 3455 354 3519 πιθανά
384 3454 483 3520 ἐδόκει
504 3463 606 3535 ταῦτα,
634 3462 730 3523 καίτοι
753 3465 883 3539 Γεμινού
904 3466 958 3523 τοῦ
985 3464 1097 3542 Τυρίου
1118 3461 1168 3524 καί
1193 3465 1370 3542 Δημητρίου

239 3564 292 3621 τοῦ
324 3560 486 3642 Φαληρέως
518 3560 569 3623 καὶ
598 3555 780 3643 Ἀρτέμωνος
812 3567 865 3624 τού
888 3566 1043 3644 Μιλησίου
1076 3570 1130 3627 τοῦ
1152 3564 1205 3644 μέν
1236 3566 1267 3628 έν
1292 3566 1368 3648 τρισί

238 3664 374 3743 βιβλίοις,
408 3668 462 3725 τοῦ
493 3662 526 3727 δέ
548 3665 579 3728 ἐν
601 3665 698 3740 πέντε,
723 3669 778 3727 τοῦ
801 3662 833 3726 δὲ
855 3666 888 3729 ἐν
910 3663 1059 3730 εἰκοσιδύο
1081 3666 1211 3742 πολλούς
1233 3668 1370 3751 ὀνείρους

239 3764 499 3848 ἀναγραφομένων
530 3767 582 3829 καί
614 3765 739 3845 μάλιστα
771 3765 919 3851 συνταγύς
949 3769 1000 3832 καὶ
1032 3775 1196 3854 θεραπείας
1224 3768 1277 3844 τοὶς
1307 3765 1367 3833 ύπό

238 3864 414 3948 Σαράπιδος
436 3871 584 3943 (λυθείσας.

325 4061 351 4126 1)
369 4058 467 4114 Gesch.
486 4056 512 4112 d.
530 4058 725 4114 Aruneikunde
743 4059 767 4126 Ι,
785 4077 812 4130 p.
829 4059 889 4114 223.

323 4143 351 4212 2)
370 4144 412 4199 De
429 4150 540 4214 myster.
559 4145 678 4216 Aegypt.
697 4145 739 4200 ed.
758 4140 828 4201 Gale
846 4144 893 4199 HI
911 4144 935 4198 2.

324 4230 351 4297 3)
370 4229 404 4283 de
422 4230 572 4284 Artemone
589 4229 624 4284 cf.
642 4230 722 4285 infra.

314 4316 351 4373 ‘A
369 4332 396 4385 p.
416 4315 474 4381 148,
494 4330 533 4368 νο.
