3254 4890
710 287 920 351 --22-

252 475 391 535 lantibus
421 473 524 534 factae
553 479 626 534 sunt
637 473 670 554 1).
714 474 802 534 Inter
831 477 950 535 somnia
979 480 1083 535 autem
1111 475 1173 534 tria
1186 484 1275 553 sunt,
1305 498 1384 554 quae

142 632 144 637 .
254 598 381 658 prorsus
411 577 503 637 aliam
532 579 667 655 speciem
698 597 772 656 prae
801 597 835 638 se
864 576 983 638 ferunt:
1017 575 1047 658 1)
1078 578 1139 638 duo
1164 579 1287 655 generis
1310 581 1383 639 alle-

255 679 396 761 gorici2)‚
426 680 505 758 Eph.
535 680 617 740 1883
647 701 676 766 p.
698 682 770 758 215,
800 699 846 742 104.
866 699 921 756 1115
954 678 988 760 2)
1018 701 1113 742 unum
1143 682 1265 758 generis
1298 683 1382 742 theo-

254 783 403 860 rematici,
425 783 505 861 Eph.
529 783 620 861 1885,
650 805 680 861 p.
705 785 752 861 15,
774 803 807 845 19.
851 784 937 844 Haec
966 783 1084 844 somnia
1114 804 1133 842 a
1160 789 1270 845 ceteris
1293 786 1384 846 valde

204 872 209 877 ⁵
256 886 423 945 abhorrent
453 891 485 946 et
514 886 684 964 posteriore
707 887 829 946 demum
852 891 954 946 aetate
978 886 1116 946 crebrius
1136 886 1340 948 inveniuntur
1350 878 1399 968 ὅ)

256 987 333 1048 (lum
363 996 466 1048 autem
496 988 650 1070 Zacher4)
680 990 885 1070 probabiliter
907 991 1086 1067 exposuerit
1107 989 1232 1051 tabulas
1255 991 1385 1051 alteram

256 1090 465 1151 recensionem
493 1089 730 1169 inscriptionum
750 1092 789 1152 V.
822 1090 888 1152 fere
917 1091 1033 1151 saeculi
1064 1110 1191 1168 eamque
1218 1102 1384 1154 commuta·

256 1192 354 1274 tam5)
389 1193 543 1272 exhibere,
580 1195 657 1254 mihi
690 1195 814 1271 quidem
846 1194 1015 1254 verisimile
1049 1214 1117 1255 esse
1150 1195 1274 1255 videtur
1308 1197 1386 1257 haec

257 1300 375 1357 somnia
405 1297 438 1355 in
461 1297 558 1356 altera
581 1296 703 1357 demum
724 1297 903 1358 recensione
926 1296 1047 1358 adiecta
1070 1317 1147 1376 esse,
1169 1297 1201 1357 id
1225 1299 1307 1376 quod
1329 1319 1386 1377 per

257 1420 290 1461 se
313 1399 474 1478 probabile
497 1406 553 1460 est.
596 1399 677 1459 Nam
698 1400 905 1479 Aesculapius
936 1400 1163 1476 antiquioribus
1193 1400 1387 1479 temporibus

257 1521 380 1580 semper
411 1501 583 1562 medicinae
617 1502 692 1563 deus
725 1508 854 1580 putatus
876 1509 949 1583 est,
978 1524 1039 1563 non
1070 1503 1288 1580 divinationis3
1318 1504 1386 1583 ipse

257 1588 348 1667 vivus
380 1604 557 1666 hominibus
572 1636 575 1643 ·
590 1604 774 1665 medebatur
806 1606 950 1682 idemque
982 1605 1160 1666 Podalirius
1193 1614 1224 1667 et
1254 1608 1385 1669 Machao

255 1704 415 1796 *ceterique
444 1708 650 1786 Asclepiades
681 1707 884 1791 faciebantss).
927 1710 973 1769 Ea
1002 1715 1106 1770 autem
1135 1718 1275 1771 veterum
1298 1713 1386 1771 testi·

257 1811 370 1889 monia,
400 1830 479 1887 quae
501 1810 647 1892 Rohdel)
680 1818 787 1872 contra
816 1811 915 1890 affert,
946 1812 986 1872 ad
1004 1811 1194 1873 ‘sententiam
1217 1815 1283 1872 eius
1306 1833 1386 1873 com·

257 1913 448 1993 probandam
477 1935 538 1974 non
568 1915 639 1993 plus
670 1915 776 1975 valent
802 1935 898 1997 *quam
927 1915 1077 1987 Aristidis
1099 1916 1246 1993 permulti
1268 1915 1297 1975 ei
1318 1915 1387 1993 loci,

250 2017 371 2094 ,quibus
398 2017 475 2077 deus
505 2036 555 2077 res
585 2015 706 2097 futuras
738 2018 777 2076 ad
807 2018 947 2077 morbum
970 2021 1101 2091 cratoris
1124 2024 1387 2097 conspectantes

259 2117 466 2204 praenuntiat

345 2239 528 2312 Quaerimus
543 2260 633 2318 nunc,
649 2239 731 2300 unde
746 2240 823 2301 haec
839 2241 1002 2301 dissimilia
1020 2245 1052 2301 in
1075 2241 1194 2302 somnia
1216 2241 1256 2301 ab
1272 2243 1389 2302 Aescu·

257 2343 342 2423 la'pio
369 2343 443 2403 data
465 2341 652 2402 influxerint.
696 2343 795 2403 Erant
818 2343 878 2403 alia
901 2344 1034 2420 oracula,
1063 2343 1118 2404 ubi
1140 2345 1260 2420 aegroti
1283 2364 1390 2420 quam·

260 2444 351 2524 quam
381 2447 510 2506 consilia
535 2445 577 2505 ad
597 2445 721 2505 morbos
743 2445 898 2523 sanandos
920 2446 1124 2524 accipiebant,
1147 2454 1252 2506 tamen
1273 2467 1334 2507 non
1357 2447 1390 2505 in

259 2548 428 2610 incubandi
459 2547 527 2627 ipso
561 2555 699 2625 tempore
732 2549 939 2627 sanabantur,
972 2554 1008 2609 nt
1040 2548 1225 2626 Amphiarai
1258 2545 1391 2626 Dionysi

260 2652 403 2712 Plutonis
412 2650 447 2731 ⁸).
499 2650 551 2710 Ibi
586 2650 648 2709 iam
679 2670 745 2710 mos
777 2657 851 2727 erat,
883 2658 918 2711 ut
950 2652 1029 2711 alius
1061 2672 1117 2730 pro
1150 2651 1210 2711 alio
1243 2650 1392 2711 incubare

259 2762 373 2835 posset,
393 2754 480 2815 cuius
495 2752 541 2813 rei
556 2752 589 2812 in
603 2752 800 2831 Epidauricis
822 2754 1077 2832 inscriptionibus
1099 2775 1193 2815 unum
1217 2754 1391 2831 exemplum

260 2857 342 2918 inest
352 2858 385 2935 ⁹).
430 2856 520 2929 Quod
549 2872 617 2917 cum
648 2856 717 2916 fieri
745 2876 806 2916 non
837 2857 982 2935 potuerit,
1008 2860 1035 2917 si
1058 2858 1246 2918 somniantes
1269 2857 1309 2930 ab
1332 2857 1390 2916 As-

262 2959 411 3039 clepiadis
433 2959 511 3037 ipsis
534 2960 732 3044 sanabantur,
754 2960 831 3020 haec
853 2981 974 3037 quoque
996 2964 1132 3021 narratio
1156 2961 1246 3019 alteri
1269 2958 1392 3018 demum

261 3062 435 3123 recensioni
463 3061 648 3122 ascribenda
677 3064 744 3122 erit.
787 3063 937 3124 Videmus
967 3063 1064 3140 igitur
1093 3082 1129 3122 ea
1153 3061 1281 3139 somnia,
1313 3080 1393 3137 quae

263 3165 303 3226 ab
327 3165 519 3247 oraculorum
542 3164 842 3247 deismittebantur‚
857 3165 940 3226 inter
954 3165 991 3225 V.
1008 3174 1039 3225 et
1053 3164 1113 3224 HI.
1137 3185 1163 3224 a.
1180 3154 1251 3223 chr.
1273 3184 1302 3223 n.
1325 3182 1393 3223 sae-

263 3269 334 3336 cula
363 3272 396 3328 in
429 3266 561 3329 somnia*
579 3269 617 3347 ab
641 3269 828 3346 Aesculapio
860 3268 933 3330 data
963 3268 1125 3347 irrepsisse
1156 3286 1253 3342 eaque
1283 3272 1393 3344 postea

261 3438 263 3443 ⁴
351 3455 376 3521 1)
394 3452 480 3518 orus,
504 3450 609 3505 Arne
625 3451 813 3518 Heilwunder,
838 3452 917 3507 Nora
935 3450 993 3505 und
1013 3449 1081 3517 sac,
1099 3449 1150 3504 Be.
1168 3451 1212 3518 43,
1229 3468 1256 3521 p.
1274 3450 1393 3516 28-43;
1427 3508 1430 3515 ⁴

263 3557 291 3611 p.
309 3539 352 3607 88,
369 3538 423 3593 Νο.
443 3539 475 3593 16
492 3543 519 3591 et
536 3536 579 3602 20,
596 3554 624 3607 p.
641 3537 684 3602 42,
701 3537 755 3592 No.
773 3540 798 3592 5.

350 3624 377 3692 2)
395 3624 500 3678 Artem.
519 3622 543 3689 Ι,
560 3622 585 3676 2.
741 3625 767 3692 3)
785 3624 888 3678 Zacher
905 3624 923 3680 L
942 3642 966 3678 a.
1120 3624 1147 3691 4)
1166 3641 1192 3693 p.
1211 3623 1260 3677 467
1279 3639 1319 3692 sq.

352 3710 377 3768 5)
387 3708 431 3773 ‚ad
443 3708 518 3779 quod
535 3709 657 3763 maxime
667 3709 790 3764 conferas
803 3726 873 3779 quae
883 3710 987 3764 Zacher
998 3708 1033 3762 de
1044 3708 1159 3779 Hippye
1171 3707 1287 3778 protulit
1298 3712 1394 3762 contra

265 3795 517 3863 Wilamowitzium‚
541 3794 599 3866 qui'
613 3794 710 3850 Herm.
727 3795 811 3861 XIX,
834 3796 885 3850 452
904 3813 944 3865 sq.
968 3794 1003 3850 de
1019 3795 1141 3864 inscript
1159 3793 1239 3863 Epid.
1258 3788 1401 3847 disseruit

352 3882 379 3950 6)
397 3881 441 3934 De
457 3880 628 3951 Asclepiadis
652 3880 688 3936 cf.
710 3880 740 3934 in
761 3880 919 3936 universum
941 3880 1033 3935 Ritter
1056 3897 1110 3934 von
1134 3879 1313 3945 Rittershain,
1337 3878 1395 3932 Der

266 3965 459 4022 medizinische
481 3966 705 4038 Wunderglaube
730 3966 789 4022 und
815 3966 859 4022 die
876 3966 1042 4022 Incubation
1069 3966 1108 4019 im
1129 3965 1297 4032 Alterthum‚
1320 3963 1395 4029 1879,

266 4068 293 4122 p.
311 4053 345 4107 49
364 4069 403 4122 sq.
438 4052 536 4122 Neque
553 4052 726 4108 sacerdotum
741 4052 897 4123 Aesculapii
916 4057 976 4107 erat
993 4052 1088 4106 futura
1104 4051 1290 4121 pronuntiare,
1307 4066 1334 4120 p.
1353 4048 1395 4103 54.

353 4139 379 4205 7)
397 4137 512 4206 Psyche,
530 4137 554 4205 1,
572 4156 598 4209 p.
618 4139 692 4193 141².

353 4223 380 4291 8)
398 4223 532 4291 Welcker‚
550 4224 597 4278 Kl.
616 4224 754 4280 Schriften
772 4224 829 4291 ΙΙΙ,
846 4242 873 4295 p.
891 4224 933 4291 93,
951 4224 993 4279 94.

353 4309 380 4374 9)
398 4308 470 4377 Eph.
490 4310 564 4375 1885,
582 4328 609 4380 p.
628 4311 669 4375 15,
689 4327 701 4364 1
721 4327 760 4380 sq.
865 4338 867 4342 ·
