3254 4890
701 366 913 429 ,25-

328 553 441 612 Elucet
456 553 512 611 hos
530 552 697 630 scriptores
719 552 808 612 libris
830 553 895 614 suis
918 552 1043 629 singula
1067 551 1185 611 somnia
1208 562 1376 628 enarrasse,

239 677 375 735 quorum
405 657 444 715 de
474 655 631 715 nonnullis
659 654 741 728 infre
763 676 863 716 sermo
886 655 948 716 fiet.
992 656 1071 716 Inde
1094 655 1155 714 iam
1175 653 1377 731 intellegitur,

242 758 396 836 quomodo
419 756 487 818 fieri
508 757 654 835 potuerit,
681 767 717 817 ut
740 758 868 819 Artemo
891 767 939 819 tot
960 757 1058 819 libros
1081 757 1255 834 conficeret,
1277 776 1377 832 neque

241 871 293 923 est
317 883 372 923 our
394 860 496 921 Odere
509 861 533 939 1)
557 860 761 920 assentiamur
783 863 955 939 suspicanti
978 862 1177 922 Artemonem
1201 865 1232 919 et
1255 859 1378 919 Gemini

246 973 277 1025 et
291 963 444 1024 Demetrii
466 963 564 1023 libros
587 963 618 1022 iu
641 983 697 1024 suo
721 983 813 1041 opere
836 965 1040 1024 coniunxisse.
1079 965 1172 1023 Hune
1186 962 1378 1022 Artemidori

242 1069 345 1128 locum
379 1088 447 1128 cum
476 1066 524 1126 IV
554 1068 593 1124 22
626 1070 821 1145 coniungere,
856 1067 937 1143 quod
970 1067 1045 1127 fecit
1078 1066 1202 1142 Odere,
1236 1072 1378 1125 vetamur

244 1174 376 1248 primurn
393 1168 475 1246 quod
491 1169 551 1230 hoc
566 1169 633 1229 loco
646 1170 861 1230 Artemidorus
876 1169 1147 1229 vehementissime
1162 1169 1194 1227 in
1210 1168 1377 1245 scriptores

243 1273 355 1333 allatos
384 1272 552 1349 invehitur,
582 1272 636 1331 illo
666 1273 734 1332 loco
762 1278 949 1333 somniorum
972 1273 1187 1351 Serapicorum
1210 1270 1376 1347 scriptores

242 1395 369 1454 prorsus
403 1375 473 1434 aliis
508 1375 546 1434 de
584 1378 686 1435 causis
717 1376 1010 1454 praetermittendos
1044 1381 1159 1451 censet,
1192 1379 1259 1433 tum
1294 1372 1378 1450 quod

239 1478 362 1539 somnia
385 1477 486 1537 adhuc
509 1481 665 1537 exstantia
688 1498 815 1556 prorsus
839 1467 930 1537 aliam
954 1477 1089 1555 speciem
1111 1497 1186 1555 prae
1209 1497 1241 1537 se
1264 1475 1376 1536 ferunt.

243 1582 292 1641 De
322 1580 496 1640 rationibus
525 1580 751 1658 interpretandi
783 1581 815 1639 hi
845 1584 1014 1658 scriptores
1044 1580 1122 1639 nihil
1154 1579 1377 1655 exhibuerunt3

242 1702 314 1742 nam
344 1682 405 1744 nisi
436 1687 482 1743 ita
509 1703 543 1744 se
571 1703 622 1743 res
645 1683 783 1760 haberet,
814 1683 1030 1743 Artemidorus
1054 1703 1105 1743 eos
1129 1685 1377 1760 praetermittere

244 1808 305 1847 non
343 1786 460 1846 debuit.
514 1786 623 1863 Neque
660 1787 821 1864 Fulgentii
853 1786 953 1864 Myth.
985 1787 1020 1845 Π
1051 1788 1089 1845 13
1100 1787 1122 1860 Β)
1160 1786 1218 1846 hoo
1251 1785 1377 1845 credere

239 1890 397 1965 cogimur3
428 1892 500 1947 natu
530 1888 588 1948 hoc
618 1889 686 1949 loeo
708 1908 770 1947 non
793 1892 968 1966 exponitur,
998 1888 1150 1965 quomodo
1173 1888 1293 1948 somnia
1314 1891 1378 1947 sint

242 1990 485 2069 interpretanda,
508 1992 565 2051 sed
588 1990 739 2067 quomodo
762 2012 837 2051 vera
859 1991 977 2051 somnia
1000 1995 1184 2055 excitentur.

329 2093 376 2153 De
414 2093 546 2170 singulis
583 2094 790 2172 scriptoribus
827 2094 920 2154 liceat
956 2093 1032 2153 mihi
1069 2098 1178 2172 paucis
1216 2094 1377 2154 disserere.

241 2196 322 2256 (lum
353 2196 514 2273 Fulgentii
549 2197 617 2257 loco
655 2197 749 2256 allato
780 2197 898 2275 primus
932 2197 1072 2275 Antipho
1107 2197 1264 2258 coniector
1298 2197 1377 2256 anti-

241 2299 419 2376 quissimus,
443 2297 598 2359 secundus
621 2299 826 2360 Philochorus
856 2303 935 2360 satis
958 2301 1113 2376 antiquus,
1137 2300 1192 2359 sed
1215 2299 1377 2377 recentior,

240 2401 351 2461 ultimo
381 2402 448 2461 loco
472 2402 599 2481 Serapio
631 2410 893 2481 commemoretur,
923 2403 976 2480 qui
1007 2409 1038 2464 et
1063 2410 1190 2481 propter
1212 2424 1322 2463 nomen
1346 2410 1377 2463 et

243 2513 372 2583 propter
399 2509 533 2584 patriam
564 2507 673 2567 seriori
696 2507 820 2567 demum
842 2506 937 2566 aetati
960 2505 1178 2566 attribuendus
1201 2525 1269 2566 esse
1292 2505 1376 2567 vide-

242 2613 295 2666 tur
303 2608 341 2685 4),
374 2618 504 2686 apparet
535 2615 708 2687 temporum
740 2610 847 2669 ordine
876 2611 1044 2686 scriptores
1075 2616 1270 2668 enumeratos
1300 2628 1376 2668 esse.

243 2709 356 2787 Itaque
389 2710 646 2772 Artemonem
682 2733 744 2772 non
774 2719 846 2773 ante
882 2712 1010 2772 tertium
1047 2732 1073 2772 a.
1111 2711 1182 2771 Ohr.
1219 2712 1377 2771 saeculum

243 2811 386 2872 floruisse
417 2813 493 2873 satis
522 2813 691 2875 verisimile
722 2822 778 2875 est.
822 2815 903 2874 Eum
934 2814 973 2874 de
1002 2817 1079 2875 visis
1110 2815 1211 2891 egisse
1241 2822 1377 2874 testetur

243 2915 362 2974 Artem.
378 2914 402 2990 I,
426 2915 490 2992 2⁵).
524 2916 636 2976 Exstat
659 2917 745 2976 aliud
769 2937 890 2994 quoque
914 2918 952 2976 de
976 2919 1143 2977 Artemone
1166 2916 1377 2977 testimonium

244 3016 330 3095 apud
352 3017 561 3096 Porphyrium
589 3019 622 3077 in
653 3019 780 3079 scholiis
806 3021 846 3079 ad
868 3021 905 3080 Il.
930 3020 1063 3079 11854:
1095 3015 1194 3079 πόθεν
1217 3013 1234 3080 ό
1259 3015 1376 3099 Πάτρο-

245 3124 314 3190 κλος
337 3111 417 3179 οἶδεν
441 3116 485 3180 ὅτι
509 3115 659 3199 ’Aperte
680 3127 778 3182 κτενεῖ
796 3116 848 3182 riv
865 3117 1004 3200 Ἕκτορα
1020 3170 1027 3184 .
1044 3170 1050 3185 .
1068 3146 1095 3197 .,·
1118 3118 1163 3183 ὅτι
1187 3116 1261 3183 aaut
1283 3116 1375 3200 Ἀριι-

243 3217 323 3298 μόνιι
353 3216 406 3282 triv
429 3215 584 3300 Μιλήσιον
614 3222 644 3285 ἐν
667 3226 708 3306 τῷ
730 3222 796 3302 περὶ
821 3218 954 3304 ὀνείρων,
977 3219 1050 3285 ὅταν
1072 3221 1228 3309 ἀθροισθῇ
1250 3218 1270 3301 ν)
1293 3219 1376 3301 ψυχὴ

245 3322 275 3397 ἐξ
296 3319 367 3385 ὅλου
389 3329 443 3386 τοῦ
466 3321 604 3402 σώματος
626 3321 703 3405 πρὸς
725 3323 758 3386 vd
778 3325 969 3404 ἐκκριθῆναι,
986 3324 1191 3404 peccauerim
1206 3328 1375 3407 γίγνειαιθ).

243 3427 292 3487 Ne
329 3448 367 3488 ex
400 3430 459 3491 hoc
492 3430 617 3506 quidem
651 3429 828 3490 testimonio
862 3430 925 3489 ullo
959 3430 1049 3490 modo
1083 3431 1267 3491 concludere
1302 3430 1376 3490 licet

245 3529 443 3590 Artemonem
472 3535 661 3611 exposuisse,
692 3532 843 3609 quomodo
866 3535 985 3593 somnia
1009 3542 1112 3594 essent
1134 3530 1375 3611 interpretanda.

333 3684 358 3750 1)
378 3680 524 3746 Susemihl,
542 3682 608 3737 Litt.
626 3681 653 3737 d.
671 3683 762 3749 Alex,
778 3700 806 3753 p.
824 3683 883 3738 875.

331 3767 358 3830 2)
377 3766 442 3821 ibid.
460 3786 487 3838 p.
504 3768 564 3835 874,
583 3785 641 3823 ise.

331 3854 358 3920 3)
375 3850 424 3906 ‘At
449 3870 513 3908 vero
537 3854 625 3909 amica
645 3854 782 3926 Apollinis
807 3854 842 3909 ob
869 3855 941 3909 hanc
966 3872 1024 3909 rem
1051 3860 1165 3908 vocatur
1189 3856 1237 3924 (so.
1260 3853 1377 3923 laurus),

242 3937 311 4008 quia
322 3936 362 3991 illi
375 3937 467 4008 quide
479 3939 703 4010 interpretatione
715 3942 885 3996 somniorum
899 3941 1075 4011 scripserunt,
1084 3940 1230 4011 Antiphon
1242 3946 1270 3994 et
1282 3940 1376 3996 Philo-

241 4023 344 4079 chorus
368 4029 395 4078 et
412 4024 547 4079 Artemon
571 4031 600 4079 et
618 4024 749 4097 Serapion
766 4025 949 4092 Ascalonites,
973 4026 1137 4095 promittant
1160 4026 1189 4078 in
1212 4024 1289 4080 libris
1309 4026 1375 4092 suis,

243 4110 353 4165 laurum
377 4111 400 4163 si
422 4109 621 4165 dormientibus
644 4110 679 4164 ad
703 4116 788 4182 caput
809 4110 941 4180 posueris,
965 4127 1029 4164 vera
1052 4110 1159 4166 somnia
1176 4126 1233 4166 esse
1251 4111 1375 4167 visuros’.

245 4195 288 4250 De
304 4195 479 4267 Antiphonte
495 4196 531 4251 ci.
550 4214 572 4251 s.
590 4196 657 4267 Gap.
675 4196 765 4266 152.
812 4202 816 4209 ’

329 4284 357 4349 4)
375 4300 400 4337 v.
418 4282 500 4336 inira.
878 4284 906 4348 5)
925 4299 952 4352 p.
971 4285 996 4347 5,
1016 4298 1054 4336 re.

330 4371 356 4437 6)
375 4368 458 4436 oder,
477 4368 539 4425 Sus.
558 4368 704 4440 1,p.875‚
724 4384 786 4434 1⁸⁹3
805 4367 840 4422 ei.
859 4367 967 4434 Rohde,
985 4367 1100 4438 Psyche,
1118 4369 1133 4422 Ι
1151 4383 1179 4439 p.
1196 4368 1256 4424 54¹.
