<?xml version="1.0" encoding="UTF-8"?>
<!DOCTYPE html PUBLIC "-//W3C//DTD XHTML 1.0 Transitional//EN"
    "http://www.w3.org/TR/xhtml1/DTD/xhtml1-transitional.dtd">
<html xmlns="http://www.w3.org/1999/xhtml" xml:lang="en" lang="en">
 <head>
  <title>
</title>
<meta http-equiv="Content-Type" content="text/html;charset=utf-8" />
  <meta name='ocr-system' content='tesseract 3.04.00' />
  <meta name='ocr-capabilities' content='ocr_page ocr_carea ocr_par ocr_line ocrx_word'/>
</head>
<body>
  <div class='ocr_page' id='page_1' title='image "./adartisveterumo00fiscgoog_0047.png"; bbox 0 0 3254 4890; ppageno 0'>
   <div class='ocr_carea' id='block_1_1' title="bbox 693 325 905 389">
    <p class='ocr_par' dir='ltr' id='par_1_1' title="bbox 693 325 905 389">
     <span class='ocr_line' id='line_1_1' title="bbox 693 325 905 389; baseline 0 -21"><span class='ocrx_word' id='word_1_1' title='bbox 693 325 905 389; x_wconf 61' lang='lat'>„24-</span> 
     </span>
    </p>
   </div>
   <div class='ocr_carea' id='block_1_2' title="bbox 237 512 1372 796">
    <p class='ocr_par' dir='ltr' id='par_1_2' title="bbox 237 512 1372 796">
     <span class='ocr_line' id='line_1_2' title="bbox 239 512 1372 590; baseline -0.003 -15"><span class='ocrx_word' id='word_1_2' title='bbox 239 520 382 575; x_wconf 87' lang='lat' dir='ltr'>naturam</span> <span class='ocrx_word' id='word_1_3' title='bbox 406 512 623 589; x_wconf 89' lang='lat' dir='ltr'>aliquomodo</span> <span class='ocrx_word' id='word_1_4' title='bbox 647 512 761 588; x_wconf 78' lang='lat' dir='ltr'>egredi.</span> <span class='ocrx_word' id='word_1_5' title='bbox 794 512 838 572; x_wconf 91' lang='lat' dir='ltr'>At</span> <span class='ocrx_word' id='word_1_6' title='bbox 861 512 1086 573; x_wconf 79' lang='lat' dir='ltr'>dormientibus</span> <span class='ocrx_word' id='word_1_7' title='bbox 1110 533 1230 590; x_wconf 90' lang='lat' dir='ltr'>quoque</span> <span class='ocrx_word' id='word_1_8' title='bbox 1253 516 1372 573; x_wconf 88' lang='lat' dir='ltr'>somnia</span> 
     </span>
     <span class='ocr_line' id='line_1_3' title="bbox 239 614 1372 693; baseline -0.002 -16"><span class='ocrx_word' id='word_1_9' title='bbox 239 639 259 677; x_wconf 87' lang='lat' dir='ltr'>a</span> <span class='ocrx_word' id='word_1_10' title='bbox 288 625 399 681; x_wconf 85' lang='lat' dir='ltr'>natura</span> <span class='ocrx_word' id='word_1_11' title='bbox 432 614 631 675; x_wconf 75' lang='lat' dir='ltr'><strong>abhorrentia</strong></span> <span class='ocrx_word' id='word_1_12' title='bbox 661 617 768 675; x_wconf 89' lang='lat' dir='ltr'>venire</span> <span class='ocrx_word' id='word_1_13' title='bbox 798 622 938 692; x_wconf 77' lang='lat' dir='ltr'>possunt.</span> <span class='ocrx_word' id='word_1_14' title='bbox 983 615 1020 675; x_wconf 92' lang='lat' dir='ltr'>In</span> <span class='ocrx_word' id='word_1_15' title='bbox 1052 615 1135 691; x_wconf 86' lang='lat' dir='ltr'>quod</span> <span class='ocrx_word' id='word_1_16' title='bbox 1165 636 1263 693; x_wconf 84' lang='lat' dir='ltr'>genus</span> <span class='ocrx_word' id='word_1_17' title='bbox 1292 636 1372 675; x_wconf 89' lang='lat' dir='ltr'>som-</span> 
     </span>
     <span class='ocr_line' id='line_1_4' title="bbox 237 716 1372 796; baseline -0.003 -16"><span class='ocrx_word' id='word_1_18' title='bbox 237 724 359 780; x_wconf 91' lang='lat' dir='ltr'>niorum</span> <span class='ocrx_word' id='word_1_19' title='bbox 381 719 458 778; x_wconf 88' lang='lat' dir='ltr'>haec</span> <span class='ocrx_word' id='word_1_20' title='bbox 480 725 553 778; x_wconf 91' lang='lat' dir='ltr'>sunt</span> <span class='ocrx_word' id='word_1_21' title='bbox 575 717 762 795; x_wconf 83' lang='lat' dir='ltr'>inserenda?</span> <span class='ocrx_word' id='word_1_22' title='bbox 803 716 1005 777; x_wconf 79' lang='lat' dir='ltr'><strong>Manifestum</strong></span> <span class='ocrx_word' id='word_1_23' title='bbox 1029 725 1077 778; x_wconf 86' lang='lat' dir='ltr'>est</span> <span class='ocrx_word' id='word_1_24' title='bbox 1100 719 1229 778; x_wconf 86' lang='lat' dir='ltr'>alteram</span> <span class='ocrx_word' id='word_1_25' title='bbox 1252 726 1372 796; x_wconf 89' lang='lat' dir='ltr'>partem</span> 
     </span>
    </p>
   </div>
   <div class='ocr_carea' id='block_1_3' title="bbox 130 820 1372 899">
    <p class='ocr_par' dir='ltr' id='par_1_3' title="bbox 130 820 1372 899">
     <span class='ocr_line' id='line_1_5' title="bbox 130 820 1372 899; baseline -0.004 -16"><span class='ocrx_word' id='word_1_26' title='bbox 130 823 133 829; x_wconf 79' lang='grc'><strong>’</strong></span> <span class='ocrx_word' id='word_1_27' title='bbox 240 821 428 882; x_wconf 90' lang='lat' dir='ltr'>definitionis</span> <span class='ocrx_word' id='word_1_28' title='bbox 465 839 484 879; x_wconf 87' lang='lat' dir='ltr'>a</span> <span class='ocrx_word' id='word_1_29' title='bbox 520 820 680 880; x_wconf 88' lang='lat' dir='ltr'>Macrobio</span> <span class='ocrx_word' id='word_1_30' title='bbox 718 820 834 880; x_wconf 85' lang='lat' dir='ltr'>certius</span> <span class='ocrx_word' id='word_1_31' title='bbox 872 840 964 897; x_wconf 89' lang='lat' dir='ltr'>quam</span> <span class='ocrx_word' id='word_1_32' title='bbox 1001 820 1107 880; x_wconf 89' lang='lat' dir='ltr'>decuit</span> <span class='ocrx_word' id='word_1_33' title='bbox 1143 820 1372 899; x_wconf 76' lang='lat' dir='ltr'>pronuntiatam</span> 
     </span>
    </p>
   </div>
   <div class='ocr_carea' id='block_1_4' title="bbox 177 922 1373 2748">
    <p class='ocr_par' dir='ltr' id='par_1_4' title="bbox 177 922 1373 2748">
     <span class='ocr_line' id='line_1_6' title="bbox 239 922 1373 1002; baseline -0.004 -16"><span class='ocrx_word' id='word_1_34' title='bbox 239 945 316 1002; x_wconf 88' lang='lat' dir='ltr'>esse,</span> <span class='ocrx_word' id='word_1_35' title='bbox 340 932 371 983; x_wconf 93' lang='lat' dir='ltr'>et</span> <span class='ocrx_word' id='word_1_36' title='bbox 392 923 473 983; x_wconf 89' lang='lat' dir='ltr'>hanc</span> <span class='ocrx_word' id='word_1_37' title='bbox 494 928 571 1002; x_wconf 92' lang='lat' dir='ltr'>puto</span> <span class='ocrx_word' id='word_1_38' title='bbox 594 927 735 1000; x_wconf 83' lang='lat' dir='ltr'><strong>priorem.</strong></span> <span class='ocrx_word' id='word_1_39' title='bbox 766 922 857 994; x_wconf 79' lang='lat' dir='ltr'>Quod</span> <span class='ocrx_word' id='word_1_40' title='bbox 879 943 971 1000; x_wconf 90' lang='lat' dir='ltr'>saepe</span> <span class='ocrx_word' id='word_1_41' title='bbox 990 922 1034 1001; x_wconf 91' lang='lat' dir='ltr'>fit,</span> <span class='ocrx_word' id='word_1_42' title='bbox 1050 925 1228 984; x_wconf 80' lang='lat' dir='ltr'>Macrobius</span> <span class='ocrx_word' id='word_1_43' title='bbox 1251 943 1373 1001; x_wconf 84' lang='lat' dir='ltr'>semper</span> 
     </span>
     <span class='ocr_line' id='line_1_7' title="bbox 237 1025 1373 1102; baseline -0.003 -15"><span class='ocrx_word' id='word_1_44' title='bbox 237 1027 306 1088; x_wconf 88' lang='lat' dir='ltr'>fieri</span> <span class='ocrx_word' id='word_1_45' title='bbox 336 1030 450 1086; x_wconf 89' lang='lat' dir='ltr'>censet.</span> <span class='ocrx_word' id='word_1_46' title='bbox 494 1025 630 1084; x_wconf 75' lang='lat' dir='ltr'>Exstant</span> <span class='ocrx_word' id='word_1_47' title='bbox 659 1031 763 1085; x_wconf 88' lang='lat' dir='ltr'>autem</span> <span class='ocrx_word' id='word_1_48' title='bbox 792 1025 853 1085; x_wconf 85' lang='lat' dir='ltr'>loci</span> <span class='ocrx_word' id='word_1_49' title='bbox 884 1026 996 1102; x_wconf 84' lang='lat' dir='ltr'>quibus</span> <span class='ocrx_word' id='word_1_50' title='bbox 1018 1028 1231 1086; x_wconf 90' lang='lat' dir='ltr'>incubantium</span> <span class='ocrx_word' id='word_1_51' title='bbox 1254 1025 1373 1086; x_wconf 85' lang='lat' dir='ltr'>somnia</span> 
     </span>
     <span class='ocr_line' id='line_1_8' title="bbox 236 1129 1372 1207; baseline -0.001 -17"><span class='ocrx_word' id='word_1_52' title='bbox 236 1150 308 1190; x_wconf 91' lang='lat' dir='ltr'>cum</span> <span class='ocrx_word' id='word_1_53' title='bbox 330 1129 597 1189; x_wconf 86' lang='lat' dir='ltr'>semisomniorum</span> <span class='ocrx_word' id='word_1_54' title='bbox 611 1130 687 1191; x_wconf 87' lang='lat' dir='ltr'>visis</span> <span class='ocrx_word' id='word_1_55' title='bbox 712 1138 937 1207; x_wconf 85' lang='lat' dir='ltr'>comparantur.</span> <span class='ocrx_word' id='word_1_56' title='bbox 966 1131 1049 1191; x_wconf 85' lang='lat' dir='ltr'>Plut.</span> <span class='ocrx_word' id='word_1_57' title='bbox 1066 1130 1104 1189; x_wconf 92' lang='lat' dir='ltr'>de</span> <span class='ocrx_word' id='word_1_58' title='bbox 1120 1130 1197 1190; x_wconf 85' lang='lat' dir='ltr'>Gen.</span> <span class='ocrx_word' id='word_1_59' title='bbox 1214 1131 1296 1190; x_wconf 89' lang='lat' dir='ltr'>Socr.</span> <span class='ocrx_word' id='word_1_60' title='bbox 1315 1130 1372 1189; x_wconf 81' lang='lat'>22:</span> 
     </span>
     <span class='ocr_line' id='line_1_9' title="bbox 237 1223 1371 1316; baseline -0.002 -24"><span class='ocrx_word' id='word_1_61' title='bbox 237 1232 298 1309; x_wconf 78' lang='grc' dir='ltr'>ἐφη</span> <span class='ocrx_word' id='word_1_62' title='bbox 339 1227 370 1291; x_wconf 79' lang='grc' dir='ltr'>δὲ</span> <span class='ocrx_word' id='word_1_63' title='bbox 401 1223 533 1308; x_wconf 86' lang='grc' dir='ltr'><strong><em>καταβάς</em></strong></span> <span class='ocrx_word' id='word_1_64' title='bbox 566 1229 608 1302; x_wconf 89' lang='grc' dir='ltr'>είς</span> <span class='ocrx_word' id='word_1_65' title='bbox 639 1226 672 1291; x_wconf 78' lang='grc' dir='ltr'><strong><em>τό</em></strong></span> <span class='ocrx_word' id='word_1_66' title='bbox 707 1236 845 1308; x_wconf 88' lang='grc' dir='ltr'><strong><em>μαντεῖον</em></strong></span> <span class='ocrx_word' id='word_1_67' title='bbox 878 1237 1043 1311; x_wconf 81' lang='grc' dir='ltr'><strong><em>περιτυχεῖν</em></strong></span> <span class='ocrx_word' id='word_1_68' title='bbox 1076 1228 1172 1316; x_wconf 79' lang='grc' dir='ltr'><strong><em>σκότῳ</em></strong></span> <span class='ocrx_word' id='word_1_69' title='bbox 1206 1234 1304 1315; x_wconf 72' lang='grc' dir='ltr'><strong><em>πολλῷ</em></strong></span> <span class='ocrx_word' id='word_1_70' title='bbox 1338 1225 1371 1291; x_wconf 87' lang='grc' dir='ltr'><strong><em>τό</em></strong></span> 
     </span>
     <span class='ocr_line' id='line_1_10' title="bbox 236 1325 1371 1412; baseline 0.001 -20"><span class='ocrx_word' id='word_1_71' title='bbox 236 1336 366 1411; x_wconf 82' lang='grc' dir='ltr'><strong><em>πρῶτον,</em></strong></span> <span class='ocrx_word' id='word_1_72' title='bbox 396 1325 445 1392; x_wconf 81' lang='grc' dir='ltr'><strong><em>εἶτ’</em></strong></span> <span class='ocrx_word' id='word_1_73' title='bbox 480 1328 679 1410; x_wconf 74' lang='grc' dir='ltr'><strong><em>ἐπευξάμενος</em></strong></span> <span class='ocrx_word' id='word_1_74' title='bbox 707 1338 828 1393; x_wconf 87' lang='grc' dir='ltr'><strong><em>κεῖσθαι</em></strong></span> <span class='ocrx_word' id='word_1_75' title='bbox 858 1329 952 1394; x_wconf 84' lang='grc' dir='ltr'><strong><em>πολόν</em></strong></span> <span class='ocrx_word' id='word_1_76' title='bbox 981 1329 1098 1411; x_wconf 91' lang='grc' dir='ltr'><strong><em>χρόνον,</em></strong></span> <span class='ocrx_word' id='word_1_77' title='bbox 1131 1332 1167 1395; x_wconf 85' lang='grc' dir='ltr'>οὐ</span> <span class='ocrx_word' id='word_1_78' title='bbox 1191 1330 1268 1412; x_wconf 91' lang='grc' dir='ltr'><strong><em>μάλα</em></strong></span> <span class='ocrx_word' id='word_1_79' title='bbox 1298 1352 1371 1409; x_wconf 90' lang='grc' dir='ltr'><strong><em>συμ-</em></strong></span> 
     </span>
     <span class='ocr_line' id='line_1_11' title="bbox 237 1433 1369 1516; baseline 0.001 -21"><span class='ocrx_word' id='word_1_80' title='bbox 237 1439 362 1513; x_wconf 79' lang='grc' dir='ltr'><strong><em>φρονῶν</em></strong></span> <span class='ocrx_word' id='word_1_81' title='bbox 385 1433 523 1515; x_wconf 81' lang='grc' dir='ltr'><strong><em>ἐναργιός</em></strong></span> <span class='ocrx_word' id='word_1_82' title='bbox 539 1434 589 1495; x_wconf 76' lang='grc' dir='ltr'><strong><em>εἴτ’</em></strong></span> <span class='ocrx_word' id='word_1_83' title='bbox 611 1434 769 1516; x_wconf 73' lang='grc' dir='ltr'><strong><em>ἐγρήγορεν</em></strong></span> <span class='ocrx_word' id='word_1_84' title='bbox 792 1435 842 1496; x_wconf 75' lang='grc' dir='ltr'><strong><em>εἴτ’</em></strong></span> <span class='ocrx_word' id='word_1_85' title='bbox 866 1433 1065 1514; x_wconf 75' lang='grc' dir='ltr'><strong><em>ὠνειροπόλει.</em></strong></span> <span class='ocrx_word' id='word_1_86' title='bbox 1111 1438 1206 1499; x_wconf 78' lang='lat' dir='ltr'>Cuius</span> <span class='ocrx_word' id='word_1_87' title='bbox 1233 1437 1294 1498; x_wconf 85' lang='lat' dir='ltr'>loci</span> <span class='ocrx_word' id='word_1_88' title='bbox 1323 1438 1369 1496; x_wconf 88' lang='lat' dir='ltr'>in-</span> 
     </span>
     <span class='ocr_line' id='line_1_12' title="bbox 238 1537 1371 1621; baseline 0.002 -23"><span class='ocrx_word' id='word_1_89' title='bbox 238 1539 320 1600; x_wconf 89' lang='lat' dir='ltr'>dicio</span> <span class='ocrx_word' id='word_1_90' title='bbox 336 1537 435 1599; x_wconf 83' lang='lat' dir='ltr'>fretus</span> <span class='ocrx_word' id='word_1_91' title='bbox 452 1537 667 1618; x_wconf 82' lang='lat' dir='ltr'>Spreugelium</span> <span class='ocrx_word' id='word_1_92' title='bbox 676 1540 699 1616; x_wconf 85' lang='lat'>1)</span> <span class='ocrx_word' id='word_1_93' title='bbox 714 1553 799 1600; x_wconf 88' lang='lat' dir='ltr'>recte</span> <span class='ocrx_word' id='word_1_94' title='bbox 814 1548 891 1618; x_wconf 86' lang='lat' dir='ltr'>puto</span> <span class='ocrx_word' id='word_1_95' title='bbox 904 1540 1070 1601; x_wconf 87' lang='lat' dir='ltr'>Iamblichi</span> <span class='ocrx_word' id='word_1_96' title='bbox 1083 1542 1186 1602; x_wconf 89' lang='lat' dir='ltr'>locum</span> <span class='ocrx_word' id='word_1_97' title='bbox 1196 1542 1220 1621; x_wconf 80' lang='lat'>²)</span> <span class='ocrx_word' id='word_1_98' title='bbox 1232 1541 1273 1600; x_wconf 86' lang='lat' dir='ltr'>ad</span> <span class='ocrx_word' id='word_1_99' title='bbox 1284 1542 1371 1601; x_wconf 91' lang='lat' dir='ltr'>incu-</span> 
     </span>
     <span class='ocr_line' id='line_1_13' title="bbox 238 1635 1370 1722; baseline 0 -20"><span class='ocrx_word' id='word_1_100' title='bbox 238 1642 393 1702; x_wconf 87' lang='lat' dir='ltr'>bationem</span> <span class='ocrx_word' id='word_1_101' title='bbox 410 1640 588 1702; x_wconf 86' lang='lat' dir='ltr'>rettulisse:</span> <span class='ocrx_word' id='word_1_102' title='bbox 611 1636 648 1700; x_wconf 84' lang='grc' dir='ltr'><strong><em>οά</em></strong></span> <span class='ocrx_word' id='word_1_103' title='bbox 671 1635 731 1718; x_wconf 79' lang='grc' dir='ltr'>μὴν</span> <span class='ocrx_word' id='word_1_104' title='bbox 754 1641 787 1702; x_wconf 83' lang='grc' dir='ltr'>οί</span> <span class='ocrx_word' id='word_1_105' title='bbox 806 1663 836 1702; x_wconf 86' lang='grc' dir='ltr'>τε</span> <span class='ocrx_word' id='word_1_106' title='bbox 851 1637 1039 1719; x_wconf 76' lang='grc' dir='ltr'><strong><em>θεόπεμπτον</em></strong></span> <span class='ocrx_word' id='word_1_107' title='bbox 1062 1639 1238 1719; x_wconf 85' lang='grc' dir='ltr'><strong><em>καλούμενοι</em></strong></span> <span class='ocrx_word' id='word_1_108' title='bbox 1261 1636 1370 1722; x_wconf 75' lang='grc' dir='ltr'><strong><em>ὄνειροι</em></strong></span> 
     </span>
     <span class='ocr_line' id='line_1_14' title="bbox 239 1739 1371 1825; baseline 0.002 -23"><span class='ocrx_word' id='word_1_109' title='bbox 239 1747 346 1804; x_wconf 85' lang='grc' dir='ltr'><strong><em>τοῦτον</em></strong></span> <span class='ocrx_word' id='word_1_110' title='bbox 369 1744 501 1824; x_wconf 89' lang='grc' dir='ltr'><strong><em>γίνονται</em></strong></span> <span class='ocrx_word' id='word_1_111' title='bbox 522 1739 574 1804; x_wconf 88' lang='grc' dir='ltr'><strong><em>τόν</em></strong></span> <span class='ocrx_word' id='word_1_112' title='bbox 592 1740 716 1823; x_wconf 85' lang='grc' dir='ltr'><strong><em>τρόπον,</em></strong></span> <span class='ocrx_word' id='word_1_113' title='bbox 740 1739 831 1823; x_wconf 85' lang='grc' dir='ltr'><strong><em>όνπερ</em></strong></span> <span class='ocrx_word' id='word_1_114' title='bbox 847 1739 885 1805; x_wconf 71' lang='lat' dir='ltr'>oei</span> <span class='ocrx_word' id='word_1_115' title='bbox 899 1743 998 1825; x_wconf 87' lang='grc' dir='ltr'><strong><em>λέγεις.</em></strong></span> <span class='ocrx_word' id='word_1_116' title='bbox 1028 1739 1086 1804; x_wconf 87' lang='grc' dir='ltr'><strong><em>ἀλλ’</em></strong></span> <span class='ocrx_word' id='word_1_117' title='bbox 1102 1745 1130 1805; x_wconf 88' lang='grc' dir='ltr'>εί</span> <span class='ocrx_word' id='word_1_118' title='bbox 1141 1767 1189 1806; x_wconf 91' lang='grc' dir='ltr'>τοι</span> <span class='ocrx_word' id='word_1_119' title='bbox 1203 1747 1258 1804; x_wconf 83' lang='grc' dir='ltr'><strong><em>τοῦ</em></strong></span> <span class='ocrx_word' id='word_1_120' title='bbox 1271 1739 1371 1804; x_wconf 75' lang='grc' dir='ltr'><strong><em>λίκνου</em></strong></span> 
     </span>
     <span class='ocr_line' id='line_1_15' title="bbox 240 1841 1372 1928; baseline 0 -23"><span class='ocrx_word' id='word_1_121' title='bbox 240 1842 464 1921; x_wconf 88' lang='grc' dir='ltr'><strong><em>ἀπολείποντος,</em></strong></span> <span class='ocrx_word' id='word_1_122' title='bbox 492 1843 664 1925; x_wconf 75' lang='grc' dir='ltr'><strong><em>ἀρχομένων</em></strong></span> <span class='ocrx_word' id='word_1_123' title='bbox 686 1841 754 1926; x_wconf 86' lang='grc' dir='ltr'><strong><em>άρτι</em></strong></span> <span class='ocrx_word' id='word_1_124' title='bbox 776 1845 976 1928; x_wconf 77' lang='grc' dir='ltr'><strong><em>ἐγρηγορέναι,</em></strong></span> <span class='ocrx_word' id='word_1_125' title='bbox 999 1843 1125 1909; x_wconf 82' lang='grc' dir='ltr'><strong><em>α’κοόειν</em></strong></span> <span class='ocrx_word' id='word_1_126' title='bbox 1147 1843 1269 1927; x_wconf 91' lang='grc' dir='ltr'><strong><em>πάρεστί</em></strong></span> <span class='ocrx_word' id='word_1_127' title='bbox 1291 1867 1372 1916; x_wconf 88' lang='grc' dir='ltr'><strong><em>τινος</em></strong></span> 
     </span>
     <span class='ocr_line' id='line_1_16' title="bbox 239 1944 1372 2030; baseline -0.003 -20"><span class='ocrx_word' id='word_1_128' title='bbox 239 1952 345 2027; x_wconf 82' lang='grc' dir='ltr'><strong><em>φωνῆς</em></strong></span> <span class='ocrx_word' id='word_1_129' title='bbox 366 1945 527 2026; x_wconf 88' lang='grc' dir='ltr'><strong><em>συντόμου,</em></strong></span> <span class='ocrx_word' id='word_1_130' title='bbox 558 1953 610 2027; x_wconf 77' lang='grc' dir='ltr'><strong><em>τῆς</em></strong></span> <span class='ocrx_word' id='word_1_131' title='bbox 639 1952 697 2009; x_wconf 80' lang='grc' dir='ltr'><strong><em>τῶν</em></strong></span> <span class='ocrx_word' id='word_1_132' title='bbox 721 1948 874 2028; x_wconf 79' lang='grc' dir='ltr'><strong><em>πρακτέων</em></strong></span> <span class='ocrx_word' id='word_1_133' title='bbox 896 1945 1119 2030; x_wconf 72' lang='grc' dir='ltr'><strong><em>ὑφηγουμένης,</em></strong></span> <span class='ocrx_word' id='word_1_134' title='bbox 1142 1945 1163 2028; x_wconf 73' lang='grc' dir='ltr'><em>ἢ</em></span> <span class='ocrx_word' id='word_1_135' title='bbox 1186 1944 1294 2027; x_wconf 81' lang='grc' dir='ltr'><strong><em>μεταξά</em></strong></span> <span class='ocrx_word' id='word_1_136' title='bbox 1316 1952 1372 2008; x_wconf 81' lang='grc' dir='ltr'><strong><em>τοῦ</em></strong></span> 
     </span>
     <span class='ocr_line' id='line_1_17' title="bbox 185 2046 1370 2132; baseline -0.003 -20"><span class='ocrx_word' id='word_1_137' title='bbox 185 2079 187 2082; x_wconf 49' lang='lat'><em>⁴</em></span> <span class='ocrx_word' id='word_1_138' title='bbox 239 2049 430 2132; x_wconf 75' lang='grc' dir='ltr'><strong><em>ἐγρηγορέναι</em></strong></span> <span class='ocrx_word' id='word_1_139' title='bbox 460 2050 509 2112; x_wconf 84' lang='grc' dir='ltr'>καλ</span> <span class='ocrx_word' id='word_1_140' title='bbox 542 2046 710 2111; x_wconf 77' lang='grc' dir='ltr'><strong><em>καθεύθειν</em></strong></span> <span class='ocrx_word' id='word_1_141' title='bbox 740 2046 845 2127; x_wconf 87' lang='grc' dir='ltr'><strong><em>όντων,</em></strong></span> <span class='ocrx_word' id='word_1_142' title='bbox 878 2046 899 2129; x_wconf 75' lang='grc' dir='ltr'><em>ἢ</em></span> <span class='ocrx_word' id='word_1_143' title='bbox 921 2051 971 2113; x_wconf 86' lang='grc' dir='ltr'>καί</span> <span class='ocrx_word' id='word_1_144' title='bbox 994 2056 1143 2124; x_wconf 77' lang='grc' dir='ltr'><strong><em>παντελῶς</em></strong></span> <span class='ocrx_word' id='word_1_145' title='bbox 1165 2047 1370 2132; x_wconf 78' lang='grc' dir='ltr'><strong><em>ἐγρηγορότων</em></strong></span> 
     </span>
     <span class='ocr_line' id='line_1_18' title="bbox 239 2148 1370 2234; baseline 0.001 -22"><span class='ocrx_word' id='word_1_146' title='bbox 239 2153 272 2213; x_wconf 81' lang='grc' dir='ltr'>αἱ</span> <span class='ocrx_word' id='word_1_147' title='bbox 299 2151 398 2227; x_wconf 84' lang='grc' dir='ltr'><strong><em>φωναὶ</em></strong></span> <span class='ocrx_word' id='word_1_148' title='bbox 431 2148 601 2215; x_wconf 79' lang='grc' dir='ltr'><strong><em>ἀκούονται.</em></strong></span> <span class='ocrx_word' id='word_1_149' title='bbox 647 2156 856 2233; x_wconf 82' lang='lat' dir='ltr'>Sequentibus</span> <span class='ocrx_word' id='word_1_150' title='bbox 888 2157 993 2218; x_wconf 82' lang='lat' dir='ltr'>vorbis</span> <span class='ocrx_word' id='word_1_151' title='bbox 1024 2158 1148 2234; x_wconf 81' lang='lat' dir='ltr'>singula</span> <span class='ocrx_word' id='word_1_152' title='bbox 1175 2157 1282 2216; x_wconf 91' lang='lat' dir='ltr'>eodem</span> <span class='ocrx_word' id='word_1_153' title='bbox 1305 2154 1370 2214; x_wconf 84' lang='lat' dir='ltr'>fere</span> 
     </span>
     <span class='ocr_line' id='line_1_19' title="bbox 238 2257 1370 2336; baseline -0.001 -19"><span class='ocrx_word' id='word_1_154' title='bbox 238 2258 329 2318; x_wconf 89' lang='lat' dir='ltr'>modo</span> <span class='ocrx_word' id='word_1_155' title='bbox 353 2266 446 2335; x_wconf 87' lang='lat' dir='ltr'>atque</span> <span class='ocrx_word' id='word_1_156' title='bbox 478 2258 560 2335; x_wconf 87' lang='lat' dir='ltr'>apud</span> <span class='ocrx_word' id='word_1_157' title='bbox 582 2259 786 2319; x_wconf 78' lang='lat' dir='ltr'>Plutarchum</span> <span class='ocrx_word' id='word_1_158' title='bbox 809 2266 1001 2321; x_wconf 82' lang='lat' dir='ltr'>enarrantur.</span> <span class='ocrx_word' id='word_1_159' title='bbox 1038 2261 1148 2336; x_wconf 89' lang='lat' dir='ltr'>Itaque</span> <span class='ocrx_word' id='word_1_160' title='bbox 1171 2279 1241 2319; x_wconf 90' lang='lat' dir='ltr'>cum</span> <span class='ocrx_word' id='word_1_161' title='bbox 1264 2257 1370 2318; x_wconf 88' lang='lat' dir='ltr'>videa-</span> 
     </span>
     <span class='ocr_line' id='line_1_20' title="bbox 237 2343 1370 2423; baseline 0 -4"><span class='ocrx_word' id='word_1_162' title='bbox 237 2380 306 2420; x_wconf 88' lang='lat' dir='ltr'>mus</span> <span class='ocrx_word' id='word_1_163' title='bbox 337 2380 488 2420; x_wconf 87' lang='lat' dir='ltr'>summam</span> <span class='ocrx_word' id='word_1_164' title='bbox 518 2381 586 2421; x_wconf 86' lang='lat' dir='ltr'>esse</span> <span class='ocrx_word' id='word_1_165' title='bbox 609 2343 856 2422; x_wconf 76' lang='lat' dir='ltr'>convenientiam</span> <span class='ocrx_word' id='word_1_166' title='bbox 886 2364 969 2422; x_wconf 92' lang='lat' dir='ltr'>inter</span> <span class='ocrx_word' id='word_1_167' title='bbox 990 2363 1204 2423; x_wconf 90' lang='lat' dir='ltr'>incubantium</span> <span class='ocrx_word' id='word_1_168' title='bbox 1227 2366 1259 2421; x_wconf 87' lang='lat' dir='ltr'>et</span> <span class='ocrx_word' id='word_1_169' title='bbox 1280 2360 1370 2420; x_wconf 87' lang='lat' dir='ltr'>semi-</span> 
     </span>
     <span class='ocr_line' id='line_1_21' title="bbox 238 2463 1368 2542; baseline -0.002 -19"><span class='ocrx_word' id='word_1_170' title='bbox 238 2464 426 2523; x_wconf 89' lang='lat' dir='ltr'>somniorum</span> <span class='ocrx_word' id='word_1_171' title='bbox 458 2463 586 2542; x_wconf 84' lang='lat' dir='ltr'>somnia,</span> <span class='ocrx_word' id='word_1_172' title='bbox 619 2469 687 2524; x_wconf 88' lang='lat' dir='ltr'>tota</span> <span class='ocrx_word' id='word_1_173' title='bbox 719 2464 871 2525; x_wconf 91' lang='lat' dir='ltr'>Macrobii</span> <span class='ocrx_word' id='word_1_174' title='bbox 905 2465 1069 2542; x_wconf 86' lang='lat' dir='ltr'>explicatio</span> <span class='ocrx_word' id='word_1_175' title='bbox 1104 2465 1144 2524; x_wconf 90' lang='lat' dir='ltr'>ad</span> <span class='ocrx_word' id='word_1_176' title='bbox 1178 2465 1297 2524; x_wconf 86' lang='lat' dir='ltr'>somnia</span> <span class='ocrx_word' id='word_1_177' title='bbox 1330 2463 1368 2522; x_wconf 90' lang='lat' dir='ltr'>ab</span> 
     </span>
     <span class='ocr_line' id='line_1_22' title="bbox 237 2565 1368 2646; baseline 0 -22"><span class='ocrx_word' id='word_1_178' title='bbox 237 2565 425 2642; x_wconf 79' lang='lat' dir='ltr'>Aesculapio</span> <span class='ocrx_word' id='word_1_179' title='bbox 440 2569 542 2643; x_wconf 91' lang='lat' dir='ltr'>missa,</span> <span class='ocrx_word' id='word_1_180' title='bbox 559 2566 641 2642; x_wconf 85' lang='lat' dir='ltr'>quod</span> <span class='ocrx_word' id='word_1_181' title='bbox 657 2566 781 2642; x_wconf 89' lang='lat' dir='ltr'>quidem</span> <span class='ocrx_word' id='word_1_182' title='bbox 805 2566 844 2626; x_wconf 84' lang='lat' dir='ltr'>ad</span> <span class='ocrx_word' id='word_1_183' title='bbox 868 2567 1042 2643; x_wconf 85' lang='lat' dir='ltr'>antiquiora</span> <span class='ocrx_word' id='word_1_184' title='bbox 1064 2576 1203 2646; x_wconf 88' lang='lat' dir='ltr'>tempora</span> <span class='ocrx_word' id='word_1_185' title='bbox 1226 2570 1368 2642; x_wconf 86' lang='lat' dir='ltr'>attineat,</span> 
     </span>
     <span class='ocr_line' id='line_1_23' title="bbox 177 2667 1368 2748; baseline 0 -21"><span class='ocrx_word' id='word_1_186' title='bbox 177 2701 179 2704; x_wconf 56' lang='lat'>&gt;</span> <span class='ocrx_word' id='word_1_187' title='bbox 238 2669 353 2745; x_wconf 91' lang='lat' dir='ltr'>optime</span> <span class='ocrx_word' id='word_1_188' title='bbox 382 2667 523 2745; x_wconf 88' lang='lat' dir='ltr'>quadrat.</span> <span class='ocrx_word' id='word_1_189' title='bbox 566 2668 617 2727; x_wconf 90' lang='lat' dir='ltr'>Ad</span> <span class='ocrx_word' id='word_1_190' title='bbox 648 2669 750 2727; x_wconf 92' lang='lat' dir='ltr'>omnia</span> <span class='ocrx_word' id='word_1_191' title='bbox 779 2670 856 2729; x_wconf 85' lang='lat' dir='ltr'>haec</span> <span class='ocrx_word' id='word_1_192' title='bbox 883 2669 1011 2748; x_wconf 88' lang='lat' dir='ltr'>accedit,</span> <span class='ocrx_word' id='word_1_193' title='bbox 1035 2671 1118 2747; x_wconf 84' lang='lat' dir='ltr'>quod</span> <span class='ocrx_word' id='word_1_194' title='bbox 1139 2671 1267 2728; x_wconf 87' lang='lat' dir='ltr'>Artemo</span> <span class='ocrx_word' id='word_1_195' title='bbox 1290 2687 1368 2728; x_wconf 86' lang='lat' dir='ltr'>som-</span> 
     </span>
    </p>
   </div>
   <div class='ocr_carea' id='block_1_5' title="bbox 237 2771 1369 2951">
    <p class='ocr_par' dir='ltr' id='par_1_5' title="bbox 237 2771 1369 2951">
     <span class='ocr_line' id='line_1_24' title="bbox 238 2771 1369 2849; baseline 0.002 -20"><span class='ocrx_word' id='word_1_196' title='bbox 238 2773 358 2830; x_wconf 92' lang='lat' dir='ltr'>niorum</span> <span class='ocrx_word' id='word_1_197' title='bbox 391 2771 533 2848; x_wconf 83' lang='lat' dir='ltr'>inprimis</span> <span class='ocrx_word' id='word_1_198' title='bbox 566 2772 782 2849; x_wconf 89' lang='lat' dir='ltr'>Serapicorum</span> <span class='ocrx_word' id='word_1_199' title='bbox 814 2774 971 2832; x_wconf 89' lang='lat' dir='ltr'>coniector</span> <span class='ocrx_word' id='word_1_200' title='bbox 1000 2772 1039 2833; x_wconf 88' lang='lat' dir='ltr'>de</span> <span class='ocrx_word' id='word_1_201' title='bbox 1069 2774 1147 2834; x_wconf 89' lang='lat' dir='ltr'>visis</span> <span class='ocrx_word' id='word_1_202' title='bbox 1181 2774 1254 2849; x_wconf 83' lang='lat' dir='ltr'>egit,</span> <span class='ocrx_word' id='word_1_203' title='bbox 1287 2777 1369 2831; x_wconf 85' lang='lat' dir='ltr'>teste</span> 
     </span>
     <span class='ocr_line' id='line_1_25' title="bbox 237 2872 478 2951; baseline 0.008 -20"><span class='ocrx_word' id='word_1_204' title='bbox 237 2872 435 2949; x_wconf 85' lang='lat' dir='ltr'>Artemidoro</span> <span class='ocrx_word' id='word_1_205' title='bbox 445 2874 478 2951; x_wconf 79' lang='lat'>8).</span> 
     </span>
    </p>
   </div>
   <div class='ocr_carea' id='block_1_6' title="bbox 237 3059 1369 3863">
    <p class='ocr_par' dir='ltr' id='par_1_6' title="bbox 237 3059 1369 3863">
     <span class='ocr_line' id='line_1_26' title="bbox 323 3059 1368 3141; baseline 0.004 -23"><span class='ocrx_word' id='word_1_206' title='bbox 323 3059 405 3137; x_wconf 60' lang='grc' dir='ltr'>βλ.</span> <span class='ocrx_word' id='word_1_207' title='bbox 465 3060 513 3119; x_wconf 92' lang='lat' dir='ltr'>De</span> <span class='ocrx_word' id='word_1_208' title='bbox 557 3061 806 3120; x_wconf 88' lang='lat' dir='ltr'>somniorum</span> <span class='ocrx_word' id='word_1_209' title='bbox 850 3062 1043 3140; x_wconf 89' lang='lat' dir='ltr'>inprimis</span> <span class='ocrx_word' id='word_1_210' title='bbox 1081 3063 1368 3141; x_wconf 87' lang='lat' dir='ltr'>Serapicorum</span> 
     </span>
     <span class='ocr_line' id='line_1_27' title="bbox 237 3158 1368 3244; baseline 0.003 -22"><span class='ocrx_word' id='word_1_211' title='bbox 237 3161 557 3222; x_wconf 89' lang='lat' dir='ltr'>coniectoribus</span> <span class='ocrx_word' id='word_1_212' title='bbox 578 3163 795 3224; x_wconf 83' lang='lat' dir='ltr'>Artemidorus</span> <span class='ocrx_word' id='word_1_213' title='bbox 817 3164 852 3223; x_wconf 88' lang='lat' dir='ltr'>H</span> <span class='ocrx_word' id='word_1_214' title='bbox 873 3166 948 3243; x_wconf 72' lang='lat'>444)</span> <span class='ocrx_word' id='word_1_215' title='bbox 971 3166 1069 3226; x_wconf 90' lang='lat' dir='ltr'>verba</span> <span class='ocrx_word' id='word_1_216' title='bbox 1090 3164 1181 3225; x_wconf 87' lang='lat' dir='ltr'>facit:</span> <span class='ocrx_word' id='word_1_217' title='bbox 1212 3158 1368 3244; x_wconf 88' lang='grc' dir='ltr'><strong><em>Ὀνείρους</em></strong></span> 
     </span>
     <span class='ocr_line' id='line_1_28' title="bbox 238 3255 1369 3347; baseline 0.004 -24"><span class='ocrx_word' id='word_1_218' title='bbox 238 3260 270 3323; x_wconf 80' lang='grc' dir='ltr'>δὲ</span> <span class='ocrx_word' id='word_1_219' title='bbox 288 3255 513 3342; x_wconf 88' lang='grc' dir='ltr'><strong><em>ἀποβεβηκότας</em></strong></span> <span class='ocrx_word' id='word_1_220' title='bbox 535 3264 586 3324; x_wconf 84' lang='grc' dir='ltr'>καὶ</span> <span class='ocrx_word' id='word_1_221' title='bbox 609 3260 661 3336; x_wconf 88' lang='grc' dir='ltr'><strong><em>τάς</em></strong></span> <span class='ocrx_word' id='word_1_222' title='bbox 683 3260 848 3345; x_wconf 79' lang='grc' dir='ltr'><strong><em>ἀποβάσεις</em></strong></span> <span class='ocrx_word' id='word_1_223' title='bbox 871 3261 970 3327; x_wconf 81' lang='grc' dir='ltr'><strong><em>αότῶν</em></strong></span> <span class='ocrx_word' id='word_1_224' title='bbox 993 3265 1050 3342; x_wconf 86' lang='grc' dir='ltr'>οάκ</span> <span class='ocrx_word' id='word_1_225' title='bbox 1073 3265 1217 3345; x_wconf 80' lang='grc' dir='ltr'><strong><em>ἐνεδέχετο</em></strong></span> <span class='ocrx_word' id='word_1_226' title='bbox 1239 3264 1369 3347; x_wconf 79' lang='grc' dir='ltr'><strong><em>γράφειν</em></strong></span> 
     </span>
     <span class='ocr_line' id='line_1_29' title="bbox 239 3361 1368 3453; baseline 0.004 -26"><span class='ocrx_word' id='word_1_227' title='bbox 239 3365 271 3427; x_wconf 89' lang='grc' dir='ltr'>ἐν</span> <span class='ocrx_word' id='word_1_228' title='bbox 303 3366 388 3451; x_wconf 86' lang='grc' dir='ltr'><strong><em>τέχνη</em></strong></span> <span class='ocrx_word' id='word_1_229' title='bbox 422 3361 640 3453; x_wconf 75' lang='grc' dir='ltr'><strong><em>όνειροκριτικῇ</em></strong></span> <span class='ocrx_word' id='word_1_230' title='bbox 669 3364 727 3429; x_wconf 82' lang='grc' dir='ltr'>καὶΙ</span> <span class='ocrx_word' id='word_1_231' title='bbox 750 3361 925 3446; x_wconf 75' lang='grc' dir='ltr'><strong><em>όποθηκαις</em></strong></span> <span class='ocrx_word' id='word_1_232' title='bbox 955 3364 1170 3449; x_wconf 85' lang='grc' dir='ltr'><strong><em>θεωρημάτων.</em></strong></span> <span class='ocrx_word' id='word_1_233' title='bbox 1214 3365 1287 3431; x_wconf 80' lang='grc' dir='ltr'><strong><em>οὐδέ</em></strong></span> <span class='ocrx_word' id='word_1_234' title='bbox 1317 3392 1368 3447; x_wconf 89' lang='grc' dir='ltr'><strong><em>μοι</em></strong></span> 
     </span>
     <span class='ocr_line' id='line_1_30' title="bbox 238 3465 1368 3552; baseline 0.005 -23"><span class='ocrx_word' id='word_1_235' title='bbox 238 3466 353 3529; x_wconf 84' lang='grc' dir='ltr'><strong><em>πιθανά</em></strong></span> <span class='ocrx_word' id='word_1_236' title='bbox 383 3465 482 3531; x_wconf 80' lang='grc' dir='ltr'><strong><em>ἐδόκει</em></strong></span> <span class='ocrx_word' id='word_1_237' title='bbox 503 3475 605 3546; x_wconf 84' lang='grc' dir='ltr'><strong><em>ταῦτα,</em></strong></span> <span class='ocrx_word' id='word_1_238' title='bbox 633 3472 729 3533; x_wconf 90' lang='grc' dir='ltr'><strong><em>καίτοι</em></strong></span> <span class='ocrx_word' id='word_1_239' title='bbox 752 3474 881 3548; x_wconf 84' lang='grc' dir='ltr'><strong><em>Γεμινοῦ</em></strong></span> <span class='ocrx_word' id='word_1_240' title='bbox 902 3476 958 3533; x_wconf 80' lang='grc' dir='ltr'><strong><em>τοῦ</em></strong></span> <span class='ocrx_word' id='word_1_241' title='bbox 984 3474 1095 3552; x_wconf 83' lang='grc' dir='ltr'><strong><em>Τυρίου</em></strong></span> <span class='ocrx_word' id='word_1_242' title='bbox 1117 3472 1167 3534; x_wconf 79' lang='grc' dir='ltr'>καὶ</span> <span class='ocrx_word' id='word_1_243' title='bbox 1192 3475 1368 3551; x_wconf 77' lang='grc' dir='ltr'><strong><em>Δημητρίου</em></strong></span> 
     </span>
     <span class='ocr_line' id='line_1_31' title="bbox 237 3568 1367 3657; baseline 0.007 -27"><span class='ocrx_word' id='word_1_244' title='bbox 237 3575 291 3632; x_wconf 83' lang='grc' dir='ltr'><strong><em>τοῦ</em></strong></span> <span class='ocrx_word' id='word_1_245' title='bbox 323 3571 485 3653; x_wconf 79' lang='grc' dir='ltr'><strong><em>Φαληρέως</em></strong></span> <span class='ocrx_word' id='word_1_246' title='bbox 517 3573 568 3634; x_wconf 83' lang='grc' dir='ltr'>καὶ</span> <span class='ocrx_word' id='word_1_247' title='bbox 596 3568 779 3654; x_wconf 81' lang='grc' dir='ltr'><strong><em>Ἀρτέμωνος</em></strong></span> <span class='ocrx_word' id='word_1_248' title='bbox 810 3578 865 3634; x_wconf 83' lang='grc' dir='ltr'><strong><em>τοῦ</em></strong></span> <span class='ocrx_word' id='word_1_249' title='bbox 888 3575 1042 3655; x_wconf 86' lang='grc' dir='ltr'><strong><em>Μιλησίου</em></strong></span> <span class='ocrx_word' id='word_1_250' title='bbox 1075 3580 1129 3637; x_wconf 79' lang='grc' dir='ltr'><strong><em>τοῦ</em></strong></span> <span class='ocrx_word' id='word_1_251' title='bbox 1151 3574 1204 3654; x_wconf 78' lang='grc' dir='ltr'>μὲν</span> <span class='ocrx_word' id='word_1_252' title='bbox 1235 3576 1266 3638; x_wconf 88' lang='grc' dir='ltr'>ἐν</span> <span class='ocrx_word' id='word_1_253' title='bbox 1291 3575 1367 3657; x_wconf 79' lang='grc' dir='ltr'><strong><em>τρισὶ</em></strong></span> 
     </span>
     <span class='ocr_line' id='line_1_32' title="bbox 237 3672 1369 3760; baseline 0.006 -26"><span class='ocrx_word' id='word_1_254' title='bbox 237 3675 373 3754; x_wconf 88' lang='grc' dir='ltr'><strong><em>βιβλίοις,</em></strong></span> <span class='ocrx_word' id='word_1_255' title='bbox 406 3679 461 3736; x_wconf 84' lang='grc' dir='ltr'><strong><em>τοῦ</em></strong></span> <span class='ocrx_word' id='word_1_256' title='bbox 492 3673 525 3736; x_wconf 80' lang='grc' dir='ltr'>δὲ</span> <span class='ocrx_word' id='word_1_257' title='bbox 547 3676 578 3739; x_wconf 89' lang='grc' dir='ltr'>ἐν</span> <span class='ocrx_word' id='word_1_258' title='bbox 600 3675 697 3752; x_wconf 83' lang='grc' dir='ltr'><strong><em>πέντε,</em></strong></span> <span class='ocrx_word' id='word_1_259' title='bbox 722 3680 776 3737; x_wconf 83' lang='grc' dir='ltr'><strong><em>τοῦ</em></strong></span> <span class='ocrx_word' id='word_1_260' title='bbox 800 3674 832 3737; x_wconf 79' lang='grc' dir='ltr'>δὲ</span> <span class='ocrx_word' id='word_1_261' title='bbox 854 3677 886 3738; x_wconf 91' lang='grc' dir='ltr'>ἐν</span> <span class='ocrx_word' id='word_1_262' title='bbox 909 3672 1058 3739; x_wconf 79' lang='grc' dir='ltr'><strong><em>είκοσιδόο</em></strong></span> <span class='ocrx_word' id='word_1_263' title='bbox 1081 3676 1210 3752; x_wconf 75' lang='grc' dir='ltr'><strong><em>πολλοὺς</em></strong></span> <span class='ocrx_word' id='word_1_264' title='bbox 1232 3678 1369 3760; x_wconf 86' lang='grc' dir='ltr'><strong><em>ὀνείρους</em></strong></span> 
     </span>
     <span class='ocr_line' id='line_1_33' title="bbox 238 3775 1367 3863; baseline 0.004 -25"><span class='ocrx_word' id='word_1_265' title='bbox 238 3775 497 3858; x_wconf 81' lang='grc' dir='ltr'><strong><em>ἀναγραφομένων</em></strong></span> <span class='ocrx_word' id='word_1_266' title='bbox 529 3779 581 3840; x_wconf 85' lang='grc' dir='ltr'>καί</span> <span class='ocrx_word' id='word_1_267' title='bbox 613 3775 738 3855; x_wconf 91' lang='grc' dir='ltr'><strong><em>μάλιστα</em></strong></span> <span class='ocrx_word' id='word_1_268' title='bbox 770 3776 917 3862; x_wconf 86' lang='grc' dir='ltr'><strong><em>συνταγάς</em></strong></span> <span class='ocrx_word' id='word_1_269' title='bbox 948 3779 1000 3842; x_wconf 84' lang='grc' dir='ltr'>καὶ</span> <span class='ocrx_word' id='word_1_270' title='bbox 1030 3785 1194 3863; x_wconf 89' lang='grc' dir='ltr'><strong><em>θεραπείας</em></strong></span> <span class='ocrx_word' id='word_1_271' title='bbox 1223 3777 1276 3853; x_wconf 84' lang='grc' dir='ltr'><strong><em>τάς</em></strong></span> <span class='ocrx_word' id='word_1_272' title='bbox 1306 3775 1367 3843; x_wconf 76' lang='grc' dir='ltr'>ἀπό</span> 
     </span>
    </p>
   </div>
   <div class='ocr_carea' id='block_1_7' title="bbox 237 3875 583 3960">
    <p class='ocr_par' dir='ltr' id='par_1_7' title="bbox 237 3875 583 3960">
     <span class='ocr_line' id='line_1_34' title="bbox 237 3875 583 3960; baseline 0.003 -20"><span class='ocrx_word' id='word_1_273' title='bbox 237 3875 413 3960; x_wconf 79' lang='grc' dir='ltr'><strong><em>Σαράπιδος</em></strong></span> <span class='ocrx_word' id='word_1_274' title='bbox 435 3882 583 3954; x_wconf 80' lang='grc' dir='ltr'><strong><em>δοθείσας.</em></strong></span> 
     </span>
    </p>
   </div>
   <div class='ocr_carea' id='block_1_8' title="bbox 314 4067 934 4395">
    <p class='ocr_par' dir='ltr' id='par_1_8' title="bbox 322 4067 934 4307">
     <span class='ocr_line' id='line_1_35' title="bbox 325 4067 887 4140; baseline 0.004 -18"><span class='ocrx_word' id='word_1_275' title='bbox 325 4072 350 4136; x_wconf 71' lang='grc'>1)</span> <span class='ocrx_word' id='word_1_276' title='bbox 368 4069 467 4124; x_wconf 82' lang='lat' dir='ltr'>Gesch.</span> <span class='ocrx_word' id='word_1_277' title='bbox 484 4067 512 4122; x_wconf 86' lang='lat' dir='ltr'>d.</span> <span class='ocrx_word' id='word_1_278' title='bbox 529 4068 724 4124; x_wconf 82' lang='lat' dir='ltr'>Arzneikunde</span> <span class='ocrx_word' id='word_1_279' title='bbox 742 4070 766 4135; x_wconf 89' lang='grc' dir='ltr'>Ι,</span> <span class='ocrx_word' id='word_1_280' title='bbox 784 4087 811 4140; x_wconf 92' lang='lat' dir='ltr'>p.</span> <span class='ocrx_word' id='word_1_281' title='bbox 828 4069 887 4125; x_wconf 79' lang='lat'>223.</span> 
     </span>
     <span class='ocr_line' id='line_1_36' title="bbox 322 4152 934 4226; baseline 0 -19"><span class='ocrx_word' id='word_1_282' title='bbox 322 4154 350 4223; x_wconf 87' lang='grc'>2)</span> <span class='ocrx_word' id='word_1_283' title='bbox 369 4154 412 4209; x_wconf 93' lang='lat' dir='ltr'>De</span> <span class='ocrx_word' id='word_1_284' title='bbox 428 4160 539 4224; x_wconf 88' lang='lat' dir='ltr'>myster.</span> <span class='ocrx_word' id='word_1_285' title='bbox 558 4155 677 4226; x_wconf 78' lang='lat' dir='ltr'>Aegypt.</span> <span class='ocrx_word' id='word_1_286' title='bbox 696 4155 738 4211; x_wconf 87' lang='lat' dir='ltr'>ed.</span> <span class='ocrx_word' id='word_1_287' title='bbox 757 4152 934 4211; x_wconf 72' lang='lat' dir='ltr'>(salerna.</span> 
     </span>
     <span class='ocr_line' id='line_1_37' title="bbox 323 4239 722 4307; baseline 0 -13"><span class='ocrx_word' id='word_1_288' title='bbox 323 4241 350 4307; x_wconf 84' lang='lat'>3)</span> <span class='ocrx_word' id='word_1_289' title='bbox 369 4239 403 4293; x_wconf 92' lang='lat' dir='ltr'>de</span> <span class='ocrx_word' id='word_1_290' title='bbox 421 4240 571 4293; x_wconf 85' lang='lat' dir='ltr'>Artemone</span> <span class='ocrx_word' id='word_1_291' title='bbox 588 4239 623 4295; x_wconf 86' lang='lat' dir='ltr'>cf.</span> <span class='ocrx_word' id='word_1_292' title='bbox 641 4241 722 4294; x_wconf 84' lang='lat' dir='ltr'>infra.</span> 
     </span>
    </p>

    <p class='ocr_par' dir='ltr' id='par_1_9' title="bbox 314 4325 532 4395">
     <span class='ocr_line' id='line_1_38' title="bbox 314 4325 532 4395; baseline 0.009 -18"><span class='ocrx_word' id='word_1_293' title='bbox 314 4326 350 4392; x_wconf 72' lang='grc'>’4)</span> <span class='ocrx_word' id='word_1_294' title='bbox 369 4342 395 4395; x_wconf 90' lang='lat' dir='ltr'>p.</span> <span class='ocrx_word' id='word_1_295' title='bbox 415 4325 473 4391; x_wconf 80' lang='lat'>148,</span> <span class='ocrx_word' id='word_1_296' title='bbox 493 4340 532 4379; x_wconf 83' lang='lat' dir='ltr'>ao.</span> 
     </span>
    </p>
   </div>
   <div class='ocr_carea' id='block_1_9' title="bbox 0 0 1632 4890">
    <p class='ocr_par' dir='ltr' id='par_1_10' title="bbox 0 0 1632 4890">
     <span class='ocr_line' id='line_1_39' title="bbox 0 0 1632 4890; baseline 0 0"><span class='ocrx_word' id='word_1_297' title='bbox 0 0 1632 4890; x_wconf 95' lang='lat' dir='ltr'> </span> 
     </span>
    </p>
   </div>
  </div>
 </body>
</html>
