3254 4890
693 343 901 406 „23-

231 529 389 607 sagaciter
411 528 483 607 egit,
506 536 541 589 ut
563 532 699 589 nesciam
723 529 797 607 quid
821 530 935 591 addere
961 534 1085 608 possim.
1129 530 1365 590 Demonstravit

233 631 283 691 his
306 631 440 692 testibus
463 631 537 692 deos
562 633 698 708 aegrotis
721 633 947 694 somniantibus
977 627 1124 712 συνταγαίς
1146 640 1178 694 61
1201 633 1365 711 θεραπείας

233 734 367 811 dedisse,
384 754 460 811 quas
476 738 503 794 si
519 742 723 811 sequerentur
737 755 789 795 eos
806 754 897 795 sanos
912 733 1035 795 futuros
1058 755 1126 796 esse
1148 734 1364 813 promiserunt.

319 855 431 932 Itaque
462 855 536 914 licet
567 855 697 914 iamed
719 856 949 915 Aristidem
971 856 1111 933 transire,
1135 856 1222 916 cuius
1246 859 1365 915 somnia

232 959 272 1017 ab
288 958 350 1017 illis
367 958 504 1033 antiquis
524 957 735 1017 curationibus
757 957 973 1018 incubantium
995 957 1126 1018 maxime
1149 978 1184 1018 eo
1208 957 1365 1035 differunt,

232 1060 317 1136 quod
340 1058 416 1120 dous
439 1058 532 1119 etiam
556 1062 592 1137 ei,
624 1063 676 1136 qui
699 1066 787 1119 extra
810 1061 910 1121 locum
933 1068 1022 1120 sanct
1023 1081 1074 1120 um
1098 1059 1220 1137 dormit,
1247 1059 1366 1121 somnia

232 1165 338 1224 mittit.
382 1164 468 1224 Arist
470 1163 537 1223 ides
567 1185 636 1223 raro
666 1163 850 1241 1ncubu1t1)
881 1164 999 1223 utiam
1021 1164 1193 1224 Welcker²
1194 1172 1204 1239 )
1227 1162 1364 1223 animad-

232 1269 336 1346 161111,
371 1288 460 1343 quem
492 1267 705 1344 Baumgartss)
731 1265 848 1327 frustra
878 1265 1020 1326 refellere
1052 1267 1174 1335 studuit
1206 1287 1241 1326 eo
1275 1287 1365 1344 argu-

232 1376 336 1430 mento
353 1370 448 1445 nisus,
466 1369 547 1446 quod
563 1369 718 1430 Aristides
734 1367 889 1448 παράδοξα
912 1377 1033 1429 tantum
1054 1370 1220 1430 memoriae
1242 1369 1365 1429 tradere

234 1474 376 1534 voluerit.
420 1471 482 1531 Sed
503 1474 557 1532 vix
587 1474 646 1532 6111
677 1473 727 1549 qui
759 1472 849 1532 nobis
871 1471 1056 1550 persuadeat
1078 1473 1263 1533 incubantes
1287 1491 1365 1549 quae

233 1575 382 1636 viderunt
413 1573 570 1634 mirabilia
600 1556 662 1633 non
692 1572 798 1635 fuisse.
850 1573 951 1634 Semel
985 1574 1126 1635 Zosimus
1159 1595 1215 1653 pro
1249 1594 1286 1635 6ο
1319 1575 1365 1633 in-

232 1678 371 1758 6111114),
394 1680 480 1739 cuius
501 1679 547 1738 rei
570 1679 743 1757 exemplum
764 1699 859 1737 unum
881 1679 943 1737 iam
965 1680 998 1736 in
1019 1677 1275 1754 inscriptionibus
1291 1678 1366 1755 Epi-

234 1779 370 1841 dauricis
404 1791 672 1841 commemoratum
705 1789 780 1842 erat.
829 1781 892 1840 Sed
921 1780 974 1839 alii
1003 1780 1034 1838 in
1065 1779 1242 1840 universnm
1273 1798 1365 1857 saepe

232 1882 352 1943 somnia
374 1882 413 1942 ad
429 1883 601 1944 Aristidem
623 1884 776 1961 spectant
767 1905 797 1944 ra
807 1883 829 1962 ⁶)
845 1883 961 1961 vident,
982 1891 1037 1943 aut
1059 1883 1116 1943 soli
1127 1884 1151 1963 6)
1175 1890 1230 1941 aut
1252 1881 1366 1942 similia

234 1985 284 2045 161
316 1984 422 2045 eadem
453 1993 546 2063 atque
568 1987 725 2047 Aristides
748 1986 858 2064 ipse⁷.)
902 1986 1084 2064 Aesculapii
1106 1986 1154 2046 vis
1181 1985 1367 2045 divinatoria

235 2089 335 2164 magis
366 2109 456 2165 quam
487 2096 579 2149 antea
609 2090 746 2149 ostendit
733 2096 792 2168 tur,
825 2089 913 2150 cuius
943 2093 989 2149 rei
1016 2088 1155 2167 exempla
1177 2090 1294 2207 passim
1318 2109 1367 2148 oo-

232 2198 370 2250 currunt

320 2312 406 2372 Deus
429 2331 550 2389 semper
571 2310 637 2371 fere
661 2318 746 2371 certa
769 2317 936 2390 praecepta
956 2312 1020 2388 dat,
1051 2311 1163 2388 quibus
1196 2332 1265 2371 cum
1296 2330 1366 2369 συν-

235 2421 339 2493 ταγαῖς
359 2414 539 2493 posterioris
563 2414 675 2475 aetatis
698 2435 810 2492 magna
831 2414 1003 2474 similitudo
1026 2414 1115 2494 est8).
1149 2414 1265 2474 Tamen
1289 2414 1367 2474 duas

233 2517 383 2594 reliquias
413 2516 519 2577 inveni
549 2516 589 2576 ad
618 2516 730 2594 prioris
760 2517 873 2577 aetatis
903 2517 1157 2577 consuetudinem
1179 2515 1368 2590 referendas,

235 2640 297 2697 qua
327 2619 447 2680 somnia
479 2619 548 2697 ipsa
579 2618 724 2679 effectum
755 2620 908 2697 quendam
938 2621 970 2679 in
1000 2639 1127 2699 corpore
1156 2618 1367 2696 praestabant.

239 2721 268 2800 1)
302 2744 331 2800 p.
364 2723 443 2782 447:
482 2716 570 2794 666ξᾶ
604 2743 686 2792 τινας
719 2724 779 2780 τῶν
812 2718 974 2801 βαρβάρων
1008 2721 1157 2802 ἐγκρατεῖς
1188 2720 1367 2800 γεγενῆσθαί

236 2845 296 2901 μου
312 2871 319 2886 .
337 2870 367 2884 ..
410 2823 510 2884 ἔπειτα
533 2828 672 2884 καθεῖναι
694 2819 746 2883 τόν
770 2819 916 2883 δάκτυλον
939 2816 1047 2884 orituri
1070 2822 1152 2903 μέχρι
1174 2825 1227 2882 τοῦ
1249 2825 1366 2898 λαιμοῦ,

235 2927 287 2986 καί
318 2950 345 2986 τι
376 2925 481 3006 ἐγχέαι,
513 2921 588 2987 aurci
612 2921 650 3003 δή
672 2948 736 2985 τινα
759 2921 918 3005 ἐπιχώριον
940 2926 1045 3004 νόμον,
1069 2919 1217 3001 ὀνομάσαι
1239 2922 1271 2985 δὲ
1293 2918 1366 2985 adad

235 3022 396 3101 ὄξυσιτίαν.
441 3031 535 3087 ταῦτα
563 3025 595 3088 δὲ
722 3023 792 3099 τούς
814 3022 981 3099 ἀκούοντας
1002 3023 1167 3104 θαυμάζειν
1190 3026 1238 3087 καὶ
1262 3026 1365 3108 λέγειν,

237 3123 279 3201 ὧς
308 3125 367 3210 ἄρα
389 3134 476 3191 τοῦτο
499 3131 593 3192 αἴτιον
616 3131 662 3207 εἴη
684 3135 739 3190 τοῦ
763 3131 858 3208 διψῆν
881 3128 944 3207 μέν,
971 3126 1012 3208 μὴ
1034 3125 1184 3190 δύνασθαι
1206 3126 1239 3189 di
1261 3132 1366 3204 πίνειν,

238 3228 271 3293 τὸ
294 3230 462 3312 τρέψεσθαι
485 3232 526 3305 εἰς
548 3228 617 3306 ὅξος
639 3228 674 3293 roi
697 3234 782 3293 σιτία.
820 3237 852 3311 2)
873 3255 903 3313 Ρ.
926 3234 989 3293 448
1011 3235 1043 3292 in
1066 3236 1110 3294 eis
1134 3254 1212 3310 quae
1234 3234 1368 3294 somniat

236 3347 361 3397 taurum
384 3357 417 3396 se
439 3336 546 3398 videre
567 3345 668 3415 putat.
706 3329 774 3397 661
796 3335 933 3419 (ταῦρος)
958 3329 1025 3396 tuo
1048 3332 1101 3412 μὲν
1124 3328 1211 3396 οὐδὲν
1234 3335 1366 3416 ἔδρασεν,

235 3432 297 3499 riuti
331 3435 361 3499 61
392 3433 424 3499 uti
454 3435 528 3518 γόνυ
559 3435 592 3499 sd
623 3434 719 3512 δεξιόν
751 3436 889 3499 tuidisco
910 3488 917 3502 .
936 3485 942 3498 .
960 3483 992 3500 ..
1025 3436 1075 3499 καὶ
1107 3436 1222 3517 ἐγένετο
1248 3432 1309 3499 riuti
1333 3433 1366 3499 τό

236 3537 311 3622 γόνυ
338 3536 371 3602 ro*
394 3537 491 3614 δεξιόν
514 3539 650 3603 ἕλκύόιον
672 3536 804 3621 ἄνθρακι
827 3535 933 3616 toanis,
956 3539 1006 3601 aul
1030 3536 1126 3601 ἐδόκει
1149 3536 1269 3622 ἆγαθόν
1291 3534 1367 3601 εἶναι

236 3640 315 3724 πρὸς
343 3640 379 3705 τὰ
411 3640 484 3708 ἅνω.
506 3648 675 3707 -Etiam
704 3647 848 3724 vigilanti
876 3646 945 3707 visa
967 3654 1142 3726 occurrunt,
1166 3639 1368 3723 1111161111

235 3750 442 3810 nominantur.
487 3744 692 3822 φαντάζεσθαι
724 3753 827 3808 autem
862 3748 969 3809 eodem
1003 3767 1097 3809 sensu
1129 3753 1298 3826 usurpatur
1331 3768 1368 3808 ac

324 4006 349 4057 1)
367 4021 394 4072 p.
411 4004 471 4059 467.
489 4002 548 4057 484.
566 4003 625 4058 486.
643 4002 702 4057 490.
721 4002 781 4057 506.
799 4004 848 4057 551
867 4001 908 4056 ed.
927 4002 1012 4056 Dind.

322 4088 414 4157 2).Κ1
433 4088 520 4153 Schn,
537 4087 594 4155 ΙΙΙ,
612 4105 639 4158 p.
658 4088 715 4143 130.
883 4089 910 4152 3)
928 4087 1025 4142 Aelius
1042 4087 1119 4141 Arist
1108 4087 1185 4154 ides,
1196 4105 1230 4158 p.
1250 4087 1307 4142 120.

321 4176 348 4243 4)
367 4193 393 4245 p.
411 4176 470 4229 591.
883 4176 909 4234 5)
926 4174 960 4227 61.
980 4173 1139 4243 Baumgart,
1157 4191 1183 4242 p.
1203 4172 1260 4226 100.

323 4261 349 4326 6)
368 4279 395 4331 p.
412 4262 471 4315 497.
490 4261 626 4315 1011510.
644 4262 703 4317 514.
721 4261 780 4315 518.
884 4262 910 4327 7)
929 4277 956 4329 p.
974 4260 1033 4314 453.
1051 4259 1110 4314 462.
1128 4261 1187 4313 473.
1205 4257 1264 4312 500.

322 4347 486 4414 8)maxime
503 4363 555 4401 con
556 4347 657 4401 f.erend
676 4364 703 4416 p.
721 4347 780 4400 494.
798 4346 857 4401 495.
