3254 4890
740 372 935 438 „5-

260 557 350 623 κόσια
382 556 567 638 πεντήκοντα
598 552 673 620 εἶναι
694 559 851 640 λεγόντοιν,
880 557 989 635 ἐπειδὴ
1012 556 1059 621 ἷίτι
1081 554 1118 621 riv
1139 559 1260 641 λέγωσιν
1282 555 1318 621 οὖ
1341 562 1405 622 ιλια-

261 660 365 744 φεύγει
388 659 421 722 τὸ
446 662 490 740 μη’
510 686 538 722 τι
560 666 620 723 τῶν
639 662 673 735 ἓξ
696 655 779 725 εἶναι.
820 664 921 724 Simili
947 665 1037 725 modo
1061 664 1094 724 in
1114 663 1194 725 tales
1216 660 1403 725 somniorum

263 769 451 847 interpretes
477 766 637 826 invehitur
658 788 688 845 p.
711 768 783 844 202,
806 785 840 827 ει.
863 805 905 814 -
929 768 997 827 Non
1020 768 1122 828 solum
1144 768 1175 827 in
1199 768 1293 828 rebus
1315 768 1403 828 theo·

261 874 377 947 retiois,
400 868 456 929 sed
472 869 566 929 etiam
581 869 614 929 in
629 872 697 948 ipso
712 869 1025 948 interpretandohac
1041 870 1140 931 nimia
1161 870 1335 932 subtilitate
1354 871 1403 932 usi

260 980 344 1050 sunt,
363 992 448 1033 mera
465 971 698 1050 deliberatione,
713 991 774 1034 non
790 973 986 1051 experientia
1001 974 1103 1034 ducti:
1119 972 1158 1034 of.
1172 972 1241 1032 Art.
1252 972 1300 1032 IV
1312 975 1352 1032 63
1363 974 1402 1049 ¹):

261 1075 321 1133 τῶν
335 1070 368 1134 δὲ
382 1069 419 1133 rol
433 1074 499 1133 λίαν
514 1071 626 1153 μεγαίλα
642 1072 799 1154 αίνίγμαια
823 1070 1059 1154 προσαπιόντοιν
1080 1080 1143 1145 τοῖς
1164 1070 1292 1154 ὀνείροις
1312 1071 1402 1134 aurd-

260 1198 334 1237 πιυε
365 1169 406 1247 οἷς
435 1170 492 1237 οὔκ
521 1174 651 1254 ἐχόντων
681 1175 799 1238 ἔννοιαν
830 1173 954 1255 ὀνείρου
985 1178 1153 1252 φαντασίας
1178 1170 1199 1252 ἢ
1229 1180 1291 1237 τοῖν
1318 1179 1402 1239 θεῶν

260 1281 447 1359 πανουργίαν
461 1275 512 1339 καί
523 1274 977 1359 ’κακοεροπίανιιαεεγνωιιότων
1033 1324 1039 1338 .
1056 1272 1155 1339 πάντα
1171 1276 1203 1339 δὲ
1221 1273 1402 1340 τὰτοιαῦτα

259 1380 431 1466 βουλομένῳ
461 1400 509 1441 σοι
530 1387 650 1459 ιμαθεῖν
677 1379 806 1442 ειίιιολον
823 1429 829 1441 .
848 1428 880 1444 ..
906 1380 960 1442 είσλ
985 1377 1040 1462 γοίρ
1062 1378 1146 1459 παρὰ
1168 1376 1349 1461 Λυκόφρονι
1372 1379 1403 1443 ἐν

260 1487 297 1567 τῇ
316 1477 496 1567 Ἀλεξάνδρῳ
529 1482 578 1544 καί
603 1479 685 1562 πυροί
704 1478 890 1569 Ἡρακλείδῃ
914 1488 956 1567 τῷ
973 1487 1111 1569 Ποντικῷ
1134 1483 1167 1545 ἐν
1189 1490 1252 1556 ταῖς
1273 1483 1402 1563 Λίσχαις

260 1585 310 1647 καί
341 1582 425 1663 παραὶ
450 1589 615 1670 Παρθενίῳ
646 1587 678 1648 lv
707 1593 772 1658 ταῖς
792 1581 953 1668 Ἐλεγείοις
983 1585 1033 1646 καί
1052 1581 1136 1663 ,παρ’
1158 1581 1255 1657 ἄλλοις
1280 1592 1402 1658 πολλοῖς

261 1688 389 1767 ἱστορίαι
404 1687 484 1761 ξέναι
502 1687 554 1749 καὶ
577 1684 759 1770 ίίιριπιοιλ).
782 1690 985 1768 ‘Quamquam
999 1711 1048 1751 ‘ex
1071 1690 1219 1752 hocloco
1243 1712 1303 1752 non
1325 1692 1400 1753 licet

258 1794 445 1854 concludere
474 1794 554 1854 tales
588 1794 778 1854 coniectores
800 1804 872 1873 post
895 1802 1041 1854 auctores
1065 1794 1189 1854 demum
1214 1794 1398 1855 allatosex·

259 1899 390 1973 stitisse,
422 1904 525 1956 tamen
554 1895 758 1957 manifestum
784 1896 832 1957 est
862 1915 915 1957 eos
945 1917 1007 1956 non
1033 1900 1121 1974 prius
1143 1896 1284 1957 floruisse
1305 1918 1398 1974 quam

259 2005 371 2075 poetae
394 1997 597 2058 Alexandrini
629 1997 755 2059 fabulas
778 1999 848 2058 illas
879 2006 1014 2059 remotas
1037 1998 1078 2058 ad
1099 1988 1212 2058 noram
1233 1999 1329 2059 vitam
1342 2020 1398 2060 re·

260 2108 459 2163 vocaverunt.
482 2101 594 2178 Itaque
610 2102 760 2161 videntur
775 2102 809 2160 hi
823 2101 1012 2162 recentiores
1027 2100 1214 2180 interpretes
1230 2121 1247 2160 a
1262 2102 1398 2162 secundo

259 2201 325 2262 fere
349 2203 472 2264 saeculo
496 2226 521 2264 a.
542 2204 613 2265 Ohr.
637 2226 666 2264 n.
688 2224 786 2282 usque
809 2202 850 2264 ad
872 2203 1064 2265 Artemidori
1086 2212 1226 2282 tempora
1247 2203 1398 2265 floruisse.

258 2304 311 2364 Ad
344 2304 425 2366 hanc
457 2306 605 2386 temporis
639 2306 850 2368 definitionem
883 2308 963 2368 bene
993 2307 1127 2383 quadrat
1157 2306 1269 2367 tertius
1301 2307 1397 2385 locus,

258 2408 326 2468 Art.
360 2408 407 2468 IV
437 2411 529 2484 22³):
567 2407 635 2487 περί
667 2411 832 2488 συνιαγῶν,
862 2403 907 2469 ὅτι
939 2405 994 2487 μὲν
1022 2402 1299 2485 θεοληιίνθροίποις
1328 2426 1396 2469 συν·

259 2505 400 2571 τάσσουσι
415 2511 588 2587 θεραπείας,
605 2511 732 2588 μαίαιον
746 2506 780 2572 τό
796 2514 900 2588 ζητεῖν.
924 2509 1026 2573 πολλοί
1041 2505 1099 2592 γιίρ
1121 2509 1172 2571 καὶ
1195 2508 1228 2570 ἐν
1246 2507 1396 2594 Περγάμῳ

258 2610 309 2672 καὶ
326 2611 357 2672 ἒν
367 2609 580 2697 Ἀλεξανδρείῳ
596 2612 645 2674 καί
669 2609 796 2692 ἀλλαχοῦ
818 2618 977 2694 συνταγαῖς
999 2608 1262 2692 ἐθεραπεύθησαν,
1286 2612 1340 2673 eloi
1364 2611 1396 2674 dl

259 2713 290 2773 οἳ
312 2712 362 2773 καί
381 2711 436 2792 τήν
454 2713 592 2795 ίαιριιιην
615 2715 647 2777 ἐκ
671 2713 814 2776 τοιούτων
836 2718 990 2795 σννιαγῶν
1011 2713 1147 2795 λέγουσιν
1169 2709 1325 2794 εὑρῆσθαι.
1350 2712 1395 2778 ὅτι

258 2812 292 2875 δὲ
314 2811 351 2887 λίς
373 2811 584 2898 ἆναγρᾶφουσί
605 2839 681 2890 τινες
703 2813 849 2898 συνεογαίς
865 2821 976 2879 πολλοῦ
992 2811 1118 2897 γέλωτός
1133 2815 1187 2877 είσι
1210 2818 1321 2894 μεσταί,
1343 2818 1395 2880 καί

258 2921 332 2988 τοῖς*
349 2913 439 2979 ποιόν
468 2915 648 3000 ἀφιγμένοις
676 2915 850 3000 φρονήσεως
878 2915 1008 3001 ἡγοῦμαι
1034 2915 1127 2995 σαφὲς
1157 2911 1249 2981 εἶναι·
1273 2918 1312 2982 οὗ
1334 2917 1393 3001 yolo

257 3017 295 3078 roi
325 3014 462 3101 ὄροίμενα
485 3016 721 3103 σίναγριίφουσιν,
753 3016 814 3081 ἄλλ’
836 3018 892 3083 ὅσα
915 3015 953 3081 dv
976 3015 1061 3081 αὖτολ
1084 3017 1244 3083 πλοίσοισιν.
1268 3023 1394 3084 ——Sed

257 3144 328 3185 cum
358 3126 498 3205 argutias
529 3126 709 3204 excogitare
738 3147 801 3186 non
829 3125 912 3187 idem
942 3128 985 3186 sit
1006 3146 1043 3186 ac
1065 3124 1232 3204 diligenter
1253 3145 1303 3187 res
1325 3147 1394 3204 per-

257 3228 388 3306 quirere,
400 3230 460 3291 hoc
475 3229 558 3307 quod
571 3229 788 3291 Artemidorus
804 3230 985 3306 aequalibus
1001 3228 1187 3305 quibusdam
1203 3228 1324 3290 crimini
1339 3230 1394 3290 dat

258 3324 299 3409 μή
328 3330 395 3410 περί
418 3329 545 3393 ἕεισίστου
568 3326 713 3409 οίκριβοῦν
735 3331 783 3391 καί
808 3330 1023 3410 ἐξονυχίζεινί),
1046 3335 1124 3392 bene
1146 3331 1186 3392 ad
1208 3331 1265 3392 hcs
1287 3351 1393 3392 recen·

256 3433 352 3494 tiores
384 3434 528 3515 refertur,
558 3438 741 3514 praesertim
773 3455 842 3495 cum
873 3435 966 3495 etiam
988 3433 1085 3495 falses
1108 3436 1304 3510 antiquorum
1327 3438 1391 3513 opi·

257 3535 366 3597 niones
388 3536 609 3615 πεπλανημένοι
630 3541 663 3598 in
687 3558 781 3617 opera
804 3558 861 3598 sua
882 3539 1058 3616 receperint
1069 3537 1101 3616 ⁵).

257 3688 463 3700 ———-

343 3755 371 3904 Al
388 3754 496 3906 griffi
507 3771 618 3910 rlrsspthoe
632 3840 823 3897 Artemidorus
840 3841 899 3913 ipse
916 3839 1087 3897 adhibendos
1101 3840 1244 3905 censuerit,
1257 3840 1390 3911 scriptum

256 3927 299 3977 est
316 3923 490 4079 Igllrlffl,
509 4026 549 4064 ιι.
585 4002 628 4067 De
644 4012 697 4068 hoo
714 4012 775 4068 looo
792 4012 827 4067 cf.
845 4012 926 4067 iufra
987 4031 991 4039 ’
1086 4024 1097 4039 ⁴

342 4097 369 4163 4)
386 4113 413 4166 p.
431 4094 475 4161 21,
493 4112 517 4151 ο.
924 4100 951 4163 5)
969 4115 995 4167 p.
1014 4098 1057 4162 57,
1077 4113 1123 4157 ιο..
