3254 4890
696 326 889 390 ..4-

226 519 400 577 enumerari
415 523 560 595 possunt:
584 515 654 576 Dno
674 514 793 575 somnia
815 524 833 575 a
849 514 1006 575 Cicerone<
1019 512 1192 575 afferuntur
1201 513 1234 590 1).
1264 514 1361 576 Liber

226 619 336 697 plenus
359 626 426 679 erat
447 617 634 697 somniorum
643 616 686 695 2)..
713 618 931 678 Artemidorus
949 617 1177 694 Antiphontem
1199 617 1361 679 cuiusdam

226 723 338 781 somnii
360 722 547 781 mentionem
560 718 682 781 'fecisse
704 727 840 781 testatur
851 719 885 800 8).
930 718 1054 780 Somnia
1084 717 1286 798 artificiosae)
1309 740 1361 781 ex-

226 824 393 902 plicatione
416 829 505 883 erant
527 818 724 901 instructa⁵)‚
747 843 808 899 qua
830 842 863 881 re
886 822 1043 883 coniector
1064 841 1207 898 magnam
1229 823 1361 900 gloriam

226 927 359 1005 adeptus
390 925 480 1004 estl).
523 925 657 985 Materia
685 931 774 985 tanta
803 933 877 1002 erat,
908 931 945 985 ut
974 914 1072 984 Stoici
1100 925 1180 985 libro
1203 925 1359 987 uberrimo

225 1030 312 1097 fonte
346 1028 385 1089 ad
414 1019 566 1107 exempla
587 1021 746 1091 afferenda
775 1035 937 1090 uterentur
949 1029 979 1108 7).
1025 1028 1175 1089 Omnibus
1204 1029 1254 1092 his
1282 1028 1362 1088 locis

227 1132 266 1192 de
295 1132 427 1209 singulis
449 1118 577 1193 somniis
600 1151 765 1209 eorumque
788 1131 956 1193 artificiosa
978 1131 1236 1210 interpretatione
1258 1151 1361 1192 sermo

224 1235 268 1296 fit.
298 1234 367 1307 Qua
383 1232 417 1294 re
432 1234 600 1295 verisimile
616 1243 665 1295 est
679 1235 905 1314 Antiphontem
929 1234 1145 1296 collectionem
1167 1233 1359 1310 singulorum

225 1337 413 1399 somniorum
428 1330 689 1415 explicationibus
704 1335 836 1398 adiectis
851 1339 1069 1416 composuisse.
1106 1337 1198 1398 Nunc
1220 1344 1361 1415 apparet,

226 1458 281 1499 cur
302 1438 401 1499 Stoici
429 1439 561 1498 maxime
593 1458 631 1497 ex
662 1437 728 1498 eius
752 1457 844 1515 opere
867 1436 1037 1515 hauserint,
1068 1457 1123 1497 cur
1144 1438 1361 1499 Artemidorus

225 1562 286 1602 uno
302 1541 402 1602 solum
417 1541 484 1601 loco
500 1540 567 1601 eius
590 1542 777 1600 mentionem
799 1539 904 1599 faciat.
941 1540 1023 1599 Tum
1046 1559 1140 1618 opera
1163 1539 1362 1601 onirocritica

226 1647 321 1704 certis
354 1643 477 1721 legibus
506 1643 660 1703 instructa
689 1643 826 1702 nondum
855 1644 1056 1720 exstiterant,
1090 1650 1122 1702 et
1151 1643 1361 1721 Lysimachus

225 1747 277 1807 ille
287 1747 321 1826 ⁸),
345 1740 398 1824 qui
428 1766 445 1805 e
473 1746 583 1806 tabula
613 1744 810 1805 onirocritica
832 1745 1021 1806 vaticinatus
1048 1765 1116 1806 esse
1139 1744 1260 1821 dicitur,
1291 1746 1361 1805 sine

226 1850 320 1909 dubio
342 1850 424 1909 inter
446 1842 558 1928 γόητας
580 1854 612 1908 et
635 1841 829 1925 βωμολόχους
851 1856 899 1909 est
919 1846 1110 1909 referendus.

306 2073 380 2151 §3.
425 2071 532 2132 ArtI
561 2070 743 2150 prooem.⁹):
778 2064 883 2148 σχεδόν
915 2064 970 2149 γόρ
1004 2068 1043 2129 οἱ
1073 2065 1220 2150 μικρόν
1253 2062 1361 2147 ἡμῶν

224 2169 495 2253 πρεσβύτεροι
518 2169 609 2245 δόξαν
632 2167 840 2253 συγγραφικήν
862 2156 1085 2252 ἀπενέγκασθαι
1107 2168 1285 2251 βουλόμενοι
1308 2171 1360 2232 καὶ

227 2273 277 2339 (1ιά
293 2273 403 2337 τούτου
421 2269 583 2356 ἡγούμενοι
604 2273 719 2348 ἔνδοξοι
742 2274 863 2336 ἔσεσθαι
886 2274 914 2335 εί
934 2273 1147 2356 συγγριίμματα
1169 2275 1361 2335 καταλίποιεν

225 2374 451 2461 όνειροκριτιιιό,
467 2372 636 2458 ἀντίγραφα
652 2372 783 2455 ἀλλήλων
798 2377 973 2456 πεποίηνται
998 2372 1019 2455 ἢ
1040 2377 1076 2436 τό
1099 2380 1197 2448 καλῶς
1219 2375 1360 2457 εἰρημένα

225 2476 286 2543 όπό
302 2486 361 2544 triv
377 2485 510 2542 παλαιῶν
533 2484 634 2551 κακῶς
657 2478 869 2560 ἐξηγησάμενοι
890 2475 911 2557 ἢ
933 2478 984 2540 καί
1008 2476 1119 2560 ὀλίγοις
1141 2483 1201 2540 τῶν
1222 2482 1358 2539 παλαιῶν

225 2580 318 2646 πολλοὶ
346 2582 528 2664 προσθέντες
550 2579 607 2644 otiu
630 2577 745 2660 ἀληθῆ·
776 2580 813 2645 ori
838 2579 893 2664 γάρ
916 2579 979 2644 ἀπό
1002 2585 1117 2659 πείρας,
1141 2576 1199 2642 ἀλλ’
1222 2576 1360 2660 αὐτοσχε-

225 2683 381 2763 όιόζοντες,
396 2682 480 2758 ὅπως
501 2685 624 2758 ἕκαστος
646 2681 747 2746 αὐτῶν
770 2685 894 2747 ἐκινεῖτο
916 2688 984 2766 περί
999 2709 1088 2762 τινος,
1104 2681 1200 2756 οὕτως
1215 2684 1359 2766 ίγραιγον,

224 2789 274 2850 καί
307 2790 338 2851 οἱ
365 2788 418 2869 μὲν
447 2793 540 2850 πᾶσιν
570 2784 738 2868 ἐντυχόντες
767 2795 829 2861 τοῖς
858 2793 919 2850 τῶν
949 2792 1085 2849 παλαιῶν
1114 2788 1251 2867 βιβλίοις,
1275 2787 1306 2848 ol
1327 2785 1361 2849 δὲ

227 2890 264 2953 οὗ
296 2897 403 2954 πᾶσιν·
433 2892 497 2954 ἔνια
527 2889 583 2973 γάρ
613 2887 724 2964 αότοός
747 2886 785 2954 δι’
807 2887 988 2973 ἀρχαιότητα
1012 2888 1123 2954 σπάνια
1146 2887 1217 2954 όντα
1240 2894 1292 2954 καί
1314 2894 1360 2954 ἀι-

226 2994 402 3075 εφθαρμίνα
424 2993 570 3055 διέλαθεν.

311 3115 422 3188 Qualia
436 3114 553 3176 fuerint
569 3137 647 3193 quae
663 3116 851 3195 adiecerunt,
868 3124 932 3178 tres
947 3116 1139 3176 Artemidori
1153 3117 1214 3177 loci
1237 3117 1360 3177 docent.

123 3278 130 3290 ,
226 3220 294 3279 Art.
309 3219 327 3277 I
343 3219 426 3296 31⁰):
450 3211 543 3288 πολός
558 3219 648 3297 γέλως
663 3222 818 3300 παρῆλθεν
834 3218 875 3289 εἰς
893 3214 1079 3299 ἀνθρώπους
1101 3212 1161 3279 όπό
1185 3221 1244 3277 τῶν
1265 3222 1357 3277 ταῦτα

165 3381 166 3385 ,
227 3316 308 3394 erit}
324 3325 472 3398 (στοιχεῖα)
493 3323 551 3380 τῶν
574 3317 626 3398 μὲν
648 3315 860 3395 ὀκτωκαίδεκα,
884 3325 944 3381 τῶν
966 3317 998 3381 δὲ
1021 3317 1136 3397 ἑκατόν,
1159 3317 1273 3382 τῶνδὲ
1295 3320 1358 3379 δια-

469 3414 472 3421 ι

227 3559 282 3597 non
308 3541 400 3594 minus
425 3557 509 3609 quam
528 3540 604 3596 illud
627 3540 811 3612 Melampodis
828 3543 886 3605 περὶ
904 3545 1010 3606 παλμῶν
1029 3540 1131 3611 Script.
1152 3540 1297 3612 physiogn.
1315 3540 1359 3595 ed.

226 3630 316 3683 monz
333 3645 360 3696 p.
374 3628 438 3681 461:
457 3622 593 3695 όφῧαλμός
610 3627 694 3690 δεξιὸς
705 3626 755 3682 ,ἐὰν
774 3623 890 3694 ἅλληται,
908 3627 973 3681 κατὰ
987 3625 1126 3694 Φημονόην
1144 3629 1189 3682 καὶ
1205 3628 1359 3696 Αἰγυπτίους

227 3715 272 3768 κα)
282 3712 446 3780 Ἀντιφῶντα,
459 3711 567 3783 ἐχθροὺς
581 3709 739 3782 ὑποχειρίους
754 3713 812 3776 ἕξει.
838 3712 909 3768 Cum
922 3712 1092 3768 Phemonoes
1107 3712 1175 3768 liber
1192 3713 1358 3768 subditicius

227 3799 271 3865 sit,
294 3797 321 3852 id
340 3797 413 3868 quod
430 3802 525 3867 postea
542 3796 783 3864 demonstrabitur,
800 3798 944 3869 Antiphon
963 3815 1072 3868 quoque
1089 3798 1160 3854 falso
1177 3805 1272 3853 auctor
1294 3798 1360 3852 libri

228 3884 304 3938 allati
322 3883 413 3953 putari
430 3883 532 3953 potuit.
801 3917 804 3922 -

314 3988 339 4051 1)
358 3986 392 4041 dc
408 3986 462 4040 div.
480 3986 512 4039 11
530 3988 545 4055 ἕ
579 3987 621 4040 44.
876 3986 903 4053 2)
923 3986 986 4041 Seu.
1005 3991 1091 4041 contr.
1109 3986 1141 4040 11
1159 3987 1184 4052 9,
1202 3989 1217 4056 ξ
1234 3987 1276 4040 33.

312 4074 339 4140 3)
357 4089 384 4142 p.
404 4072 461 4138 109,
482 4088 522 4126 ιτ.
878 4072 904 4139 4)
923 4072 957 4125 de
974 4070 1028 4127 div.
1046 4071 1062 4124 I
1080 4074 1095 4141 ξ
1114 4073 1172 4127 116.

312 4159 339 4225 5)
357 4156 391 4211 de
407 4156 461 4210 div.
479 4156 495 4210 I
513 4159 528 4226 ξ
545 4157 587 4211 89.
876 4157 902 4224 6)
920 4156 1034 4211 Lucian.
1053 4173 1106 4210 ver.
1125 4155 1190 4210 hist.
1208 4155 1233 4222 2,
1250 4157 1292 4209 33.

313 4244 339 4308 7)
358 4241 391 4296 de
408 4241 462 4296 div.
481 4241 529 4311 I·§
547 4243 588 4296 39.
748 4242 774 4311 8)
793 4241 828 4296 cf.
847 4241 874 4297 S.
894 4241 991 4308 Wolff,
1009 4242 1111 4312 Porph.
1129 4241 1164 4296 de
1181 4257 1251 4294 orac.
1269 4256 1296 4310 p.
1314 4239 1359 4294 58.

312 4328 339 4394 9)
357 4344 384 4397 p.
402 4328 427 4393 2,
448 4346 469 4382 1.
687 4354 689 4359 ·
876 4328 919 4397 10)
936 4345 963 4398 p.
982 4329 1023 4393 10,
1043 4344 1066 4381 a.
