3254 4890
702 367 916 430 ‚25-

330 553 443 613 Elucet
457 552 514 611 hos
532 552 698 639 scriptores
720 552 809 613 libris
832 554 897 614 suis
920 553 1044 631 singule
1068 554 1187 614 somnia
1210 564 1377 631 enarrasse,

240 677 376 735 quorum
407 657 445 715 de
475 656 631 715 nonnullis
661 655 742 728 infra
765 677 864 717 sermo
887 657 949 717 fiet.
994 658 1073 718 Inde
1095 659 1155 716 iam
1176 656 1378 734 intellegitur,

243 758 398 836 quomodo
420 757 488 817 fieri
509 758 655 836 potuerit,
682 768 718 818 ut
741 759 869 820 Artemo
892 768 940 820 tot
962 760 1059 821 libros
1082 759 1256 837 conficeret,
1278 779 1378 835 neque

242 870 295 923 est
318 883 373 923 cur
395 860 497 921 Odere
511 861 534 940 1)
558 861 762 921 assentiamur
784 866 956 941 suspicanti
979 864 1178 923 Artemonem
1202 868 1233 922 et
1256 862 1379 922 Gemini

247 974 278 1024 et
293 964 445 1024 Demetrii
467 964 565 1024 libros
587 964 619 1022 in
642 985 698 1025 suo
722 985 814 1042 opere
837 966 1042 1026 coniunxisse.
1080 967 1173 1025 Hunc
1188 966 1379 1024 Artemidori

244 1069 345 1128 locum
380 1088 448 1127 cum
478 1067 525 1127 IV
555 1068 594 1125 22
627 1072 821 1146 coniungere,
857 1069 938 1144 quod
971 1069 1046 1131 fecit
1079 1069 1203 1144 Oder2),
1237 1076 1379 1127 vetamur

245 1174 377 1247 primum
394 1169 476 1246 quod
492 1170 551 1229 hoc
566 1170 634 1229 loco
647 1171 862 1232 Artemidorus
877 1171 1148 1232 vehementissime
1163 1171 1195 1230 in
1211 1171 1377 1248 scriptores

242 1274 356 1333 allatos
384 1273 553 1349 invehitur,
583 1272 637 1332 illo
667 1274 735 1334 loco
763 1279 949 1334 somniorum
973 1274 1188 1352 Serapicorum
1211 1274 1377 1350 scriptores

243 1395 370 1454 prorsus
404 1375 474 1435 aliis
509 1375 547 1434 de
585 1379 687 1435 causis
717 1378 1010 1454 praetermittendos
1045 1385 1159 1453 censet,
1193 1383 1260 1435 tum
1295 1374 1378 1453 quod

240 1479 363 1539 somnio
386 1478 486 1538 adhuc
509 1482 666 1538 exstantia
689 1499 816 1557 prorsus
840 1470 931 1539 eliam
955 1479 1089 1558 speciem
1112 1499 1187 1557 prae
1210 1499 1242 1539 se
1265 1478 1377 1539 ferunt.

244 1581 292 1641 De
323 1580 496 1641 rationibus
526 1581 752 1659 interpretandi
783 1582 816 1641 hi
845 1586 1014 1660 scriptores
1044 1582 1123 1641 nihil
1155 1582 1377 1659 exhibuerunt,

244 1703 315 1743 nam
345 1683 406 1744 nisi
437 1687 482 1743 ita
510 1704 543 1744 se
572 1704 622 1743 res
644 1684 784 1762 haberet,
814 1685 1030 1745 Artemidorus
1054 1705 1106 1746 eos
1129 1688 1377 1762 praetermittere

244 1807 305 1847 non
343 1786 460 1847 debuit.
514 1787 623 1864 Neque
660 1788 821 1864 Fulgentii
854 1788 954 1866 Myth.
985 1789 1020 1847 II
1052 1789 1123 1863 13⁸)
1160 1789 1218 1849 hoc
1252 1787 1378 1849 credere

240 1890 397 1965 cogimur;
429 1896 500 1947 ndm
530 1889 589 1950 hoc
618 1890 686 1951 loco
709 1910 771 1949 non
793 1894 968 1967 exponitur,
999 1891 1150 1968 quomodo
1174 1890 1293 1951 somnia
1315 1895 1378 1950 sint

242 1992 485 2069 interpretanda,
508 1993 565 2052 sed
588 1992 739 2068 quomodo
763 2014 837 2053 vera
859 1994 977 2054 somnia
1001 1998 1184 2058 excitentur.

329 2093 377 2153 De
414 2094 546 2171 singulis
584 2096 790 2172 scriptoribus
827 2096 920 2155 liceat
956 2095 1033 2155 mihi
1069 2101 1178 2174 paucis
1215 2098 1377 2158 disserere.

241 2196 323 2256 (lum
353 2197 514 2273 Fulgentii
549 2198 617 2258 loco
655 2199 749 2258 allato
780 2199 899 2277 primus
931 2199 1072 2277 Antipho
1107 2199 1264 2260 coniector
1298 2200 1378 2259 anti-

241 2299 419 2376 quissimus,
443 2298 598 2360 secundus
621 2300 826 2362 Philochorus
856 2305 935 2362 satis
958 2304 1113 2379 antiquus,
1136 2302 1193 2362 sed
1215 2302 1377 2380 recentior,

240 2401 351 2462 ultimo
381 2403 448 2462 loco
472 2403 599 2482 Serapio
631 2412 893 2484 commemoretur,
923 2406 976 2482 qui
1007 2411 1038 2465 et
1063 2412 1191 2483 propter
1212 2427 1322 2466 nornen
1346 2413 1377 2466 et

243 2513 372 2583 propter
399 2510 534 2584 petriam
564 2509 673 2568 seriori
696 2508 819 2568 demum
841 2509 937 2568 aetati
960 2509 1177 2569 attribuendus
1200 2528 1269 2569 esse
1292 2508 1377 2568 vide·

242 2613 295 2666 tur
303 2608 341 2685 4),
374 2617 504 2686 apparet
535 2616 708 2687 temporum
740 2611 847 2670 ordine
876 2614 1044 2689 scriptores
1075 2619 1270 2671 enumeratos
1300 2631 1376 2671 esse.

242 2709 355 2787 Itaque
389 2713 645 2772 Artemonem
682 2734 744 2773 non
774 2720 845 2774 ante
883 2714 1010 2774 tertium
1047 2734 1073 2773 a.
1111 2713 1182 2773 Ohr.
1219 2714 1377 2773 saeculum

243 2811 385 2872 floruisse
417 2813 493 2873 setis
522 2814 691 2875 verisimile
722 2824 778 2876 est.
822 2816 902 2876 Eum
934 2816 972 2876 de
1002 2819 1079 2876 visis
1109 2817 1211 2892 egisse
1241 2806 1398 2876 testatur*

144 2997 146 3002 Ι
243 2914 361 2973 Artem.
377 2914 401 2991 I,
426 2915 489 2992 25).
524 2916 636 2976 Exstat
658 2917 744 2976 aliud
768 2939 889 2995 qnoque
914 2919 951 2977 de
975 2919 1142 2978 Artemone
1166 2919 1376 2979 testimonium

243 3016 329 3093 apud
351 3017 560 3096 Porphyrium
589 3021 621 3077 in
652 3020 779 3080 scholiis
806 3022 846 3080 ad
867 3022 904 3081 Il.
930 3022 1063 3080 11854:
1095 3017 1194 3081 πόθεν
1216 3015 1234 3081 ὁ
1258 3017 1376 3102 Hirpo-

244 3123 314 3190 κλος
336 3111 417 3180 οἶδεν
440 3116 484 3181 ὅτι
508 3115 658 3199 Ἀχιλλεῦς
679 3128 777 3182 κτενεῖ
795 3116 848 3183 τᾶν
865 3118 1003 3199 Ἕκτορα
1020 3172 1026 3185 .
1044 3172 1050 3185 .
1067 3147 1095 3198 ,ς
1117 3119 1163 3184 ὅτι
1186 3119 1261 3185 nard
1282 3119 1374 3203 Ἀρτε-

242 3216 322 3298 μόνιι
352 3217 405 3282 ιόν
428 3215 583 3300 Μιλήσιον
613 3223 644 3285 ἐν
666 3227 707 3306 τῷ
730 3223 796 3304 περὶ
820 3218 953 3306 ὀνείρων,
977 3221 1049 3287 ὅταν
1071 3222 1227 3311 ἀθροισθῇ
1249 3220 1269 3304 κ)
1292 3222 1375 3304 ψυχι)

244 3323 274 3396 ἐξ
295 3319 366 3385 ὅλου
388 3329 443 3386 τοῦ
466 3322 604 3402 σώματος
625 3321 702 3406 πρὸς
724 3324 757 3387 w*
777 3326 968 3407 ἐκκριθῆναι,
985 3326 1190 3406 μανιικωιάιη
1205 3331 1332 3409 γίγνεται
1342 3331 1374 3407 6).

242 3427 291 3487 Ne
328 3448 366 3487 ex
399 3429 458 3490 hoc
492 3431 616 3505 quidem
650 3430 827 3491 testimonio
861 3432 924 3490 ullo
958 3432 1048 3492 modo
1082 3433 1266 3493 concludere
1300 3433 1375 3493 licet

242 3530 441 3591 Artemonem
472 3535 660 3611 exposuisse,
691 3533 842 3610 quomodo
865 3536 984 3594 somnia
1008 3543 1111 3595 essent
1133 3533 1375 3613 interpretanda.

332 3684 357 3749 1)
376 3680 523 3748 Susemihl,
541 3682 607 3737 Litt.
625 3681 652 3738 d.
670 3683 761 3750 Alex,
778 3701 805 3753 p.
823 3684 881 3740 875.

329 3766 357 3830 2)
374 3766 441 3821 ibid.
459 3785 485 3837 p.
503 3769 563 3835 874,
581 3785 640 3823 iss.

330 3853 357 3920 3)
374 3850 422 3906 ‘At
448 3869 511 3908 vero
536 3855 624 3909 amica
644 3854 781 3926 Apollinis
806 3855 841 3910 ob
868 3855 940 3911 hanc
964 3873 1023 3910 rem
1049 3863 1164 3910 vocetur
1188 3858 1236 3926 (so.
1260 3857 1376 3926 laurus),

240 3937 310 4007 quic
320 3934 361 3991 illi
374 3937 466 4007 quide
478 3938 702 4010 interpretatione
714 3941 884 3997 somniorum
898 3942 1074 4012 scripserunt,
1083 3943 1229 4013 Antiphon
1241 3948 1268 3997 et
1281 3943 1375 3998 Philo·

240 4022 343 4078 chorus
366 4029 394 4077 et
410 4024 546 4079 Artemon
570 4031 598 4078 et
617 4024 747 4097 Serapion
766 4027 948 4093 Ascalonites‚
972 4028 1136 4097 promittant
1159 4028 1187 4081 in
1211 4027 1288 4082 libris
1308 4029 1374 4095 suis,

242 4109 352 4164 laurum
375 4111 399 4164 si
420 4108 620 4165 dormientibus
643 4111 678 4165 ad
702 4117 787 4183 caput
808 4111 940 4181 posueris,
963 4129 1028 4166 vera
1051 4113 1158 4168 somnia
1175 4128 1232 4169 esse
1250 4113 1374 4170 visuros'.

243 4194 287 4249 De
303 4195 478 4267 Antiphonte
495 4196 530 4250 cf.
549 4214 571 4250 s.
589 4196 656 4267 Gap.
674 4197 689 4250 Ι
707 4199 722 4266 ξ
739 4196 764 4252 2.
810 4202 815 4211 ’

328 4283 355 4348 4)
374 4299 399 4336 v.
417 4282 499 4337 infra.
876 4285 904 4351 5)
923 4301 951 4353 p.
969 4286 994 4349 5,
1014 4300 1053 4338 rs.

329 4369 355 4437 6)
374 4367 457 4435 Oder,
475 4367 538 4424 Sus.
557 4368 581 4435 Ι,
598 4386 625 4439 p.
643 4369 703 4435 875,
723 4384 785 4433 189;
804 4368 839 4424 cf.
858 4368 966 4436 Rohde,
983 4370 1099 4440 Psyche,
1117 4372 1132 4425 I
1149 4386 1177 4442 p.
1195 4371 1255 4426 542.
