3254 4890
687 342 900 405 -21..

230 524 301 589 οικιί
332 530 363 590 in
387 531 496 609 primis
519 530 549 592 V
570 529 660 590 libris
683 530 785 589 locum
806 528 972 591 tenuerint.
1016 528 1092 588 illas
1116 520 1264 607 οννταγοίς
1284 527 1367 588 inter

234 626 354 711 ίατρικιί
371 640 403 695 et
426 626 539 709 φυσικά
563 652 631 693 esse
653 631 836 692 inserendas
859 639 1003 711 apparet:
1026 631 1132 709 itaque
1154 652 1217 691 non
1239 630 1369 693 dubium

232 744 294 813 est,
317 738 392 813 quin
415 739 446 795 in
470 735 563 796 tertio
586 736 666 795 libro
689 738 791 794 inesse
814 733 981 813 potuerint.

323 837 443 909 Quibus
460 838 498 897 de
514 838 616 898 causis
631 857 687 915 pro
707 830 797 906 κιίοῐς
818 836 1017 896 scribendum
1040 856 1108 896 esse
1129 832 1235 906 κεστοίς
1258 856 1368 896 censeo

234 948 324 1000 ratus
357 941 609 1018 interpolatorem
642 939 748 1000 verbis
783 938 941 1000 ludentem
975 937 1014 998 ad
1046 931 1169 1008 κεστοιίς
1200 945 1368 1015 spectasse.

235 1044 307 1103 Vox
322 1035 425 1111 κεστός
441 1043 548 1102 eodem
570 1041 660 1101 modo
685 1062 721 1101 ae
743 1042 878 1110 ποικίλος
899 1033 1022 1102 ‘varius’
1044 1040 1184 1118 intellegi
1206 1046 1327 1119 postest
1336 1040 1369 1117 1).

323 1146 494 1221 Postquam
524 1144 748 1222 exquisivimus
779 1163 870 1221 quem
908 1143 947 1203 ad
979 1151 1136 1204 auctorem
1172 1144 1258 1204 locus
1287 1151 1369 1203 trac-

235 1254 321 1308 tatus
352 1255 482 1325 spectet,
514 1245 646 1307 fortasse
677 1246 784 1324 quaeri
813 1251 926 1324 potest,
956 1266 1057 1322 aquo
1079 1245 1278 1324 interpolatio
1303 1251 1371 1306 orta

234 1351 286 1412 sit.
331 1350 430 1410 Paulo
457 1358 529 1427 post
559 1370 585 1410 a.
610 1351 672 1409 190
693 1371 722 1427 p.
746 1348 817 1409 Ohr.
839 1347 1056 1409 Artemidorus
1085 1347 1199 1408 librum
1220 1348 1267 1407 IV
1298 1368 1369 1408 con·

234 1452 314 1513 fecit
325 1455 364 1527 2);
380 1451 548 1512 Africanus
564 1472 640 1530 opus
656 1472 746 1512 suum
760 1451 940 1512 Alexandro
956 1450 1070 1512 Severo
1085 1455 1266 1529 imperatori
1285 1449 1370 1511 dedi-

235 1556 323 1615 cavit
333 1555 366 1632 3).
428 1555 640 1633 Interpolator
676 1553 818 1615 Africani
856 1555 995 1632 aequalis
1033 1561 1118 1630 erat;
1155 1560 1230 1614 tunc
1268 1560 1371 1614 autem

238 1657 387 1735 temporis
415 1657 529 1718 librum
558 1658 605 1718 IV
633 1658 666 1741 in
695 1657 838 1719 manibus
861 1656 1051 1717 Artemidori
1078 1655 1135 1717 filii
1158 1655 1254 1724 fuisse
1277 1654 1370 1716 valde

238 1760 406 1821 verisimile
435 1768 491 1821 est.
535 1759 674 1820 Prooem.
703 1760 842 1836 1.1V4):
872 1756 1057 1835 μεμνημένος
1087 1757 1182 1840 (filius
1213 1754 1293 1839 esto)
1325 1751 1371 1817 ίίτι

236 1880 287 1922 σοι
309 1856 564 1941 προσπεφώνηται
586 1857 619 1921 τί
643 1861 767 1940 βιβλίον,
799 1856 882 1932 ὅπως
908 1854 944 1921 dv
964 1852 1056 1931 αὖτίς
1078 1859 1146 1945 ἔχῃς
1168 1862 1300 1937 χρῆσθαι
1320 1855 1371 1919 καί

238 1959 281 2040 μὴ
303 1967 425 2034 πολλοῖς
452 1966 598 2048 κοινωνῇς
621 1958 821 2045 ἆντιγραφοῖν.
866 1958 902 2022 τοί
925 1958 982 2043 yde
1006 1962 1137 2024 ἐνταῦθα
1160 1957 1373 2043 γραφηοόμενοι

238 2064 365 2141 μένοντα
397 2063 449 2142 μὲν
480 2061 561 2145 παροί
594 2065 640 2127 σοί
672 2064 792 2127 πάντων
822 2060 983 2145 ὑπέρτερον
1014 2061 1035 2143 ἢ
1066 2058 1189 2135 οὐδενός
1219 2085 1250 2145 με
1271 2058 1374 2124 ’λειπό-

239 2189 328 2244 μενον
356 2162 590 2249 ὄνειροκριτικόν
621 2187 652 2230 σε
684 2164 812 2245 ποιήσει,
838 2167 1025 2230 κοινωθέντοι
1049 2165 1080 2229 δὲ
1101 2162 1191 2229 οὐδέν
1214 2191 1239 2227 τι
1264 2170 1373 2244 μᾶλλον

238 2267 347 2348 ἑτέρων
376 2289 408 2331 σε
439 2266 635 2349 ἐπιστάμενον
666 2270 823 2344 ἐπιδείξει..
854 2270 1071 2333 Artemidorus
1094 2271 1152 2332 soli
1175 2270 1372 2331 Artemidoro

238 2373 304 2434 filio
335 2375 447 2435 librum
477 2375 618 2438 tradidit.
662 2375 740 2437 Oum
769 2382 870 2436 autem
895 2376 1017 2436 duobus
1039 2374 1071 2434 in
1095 2374 1253 2436 codicibus
1276 2374 1373 2435 verba

238 2476 348 2537 eedem
378 2477 449 2556 sint,
478 2479 580 2540 locum
607 2479 669 2539 iam
698 2478 731 2538 in
760 2479 931 2556 archetypo
962 2480 1128 2556 exstitisse,
1157 2480 1176 2537 i.
1207 2498 1232 2538 e.
1262 2498 1279 2537 a
1308 2476 1372 2536 filio

239 2579 438 2642 Artemidoro
462 2581 618 2643 adiectum
640 2601 708 2642 esse
730 2581 888 2642 coniciam.

276 2900 346 2969 Ili.
369 2900 422 2969 lie
444 2901 722 2970 collectionibus
744 2903 967 2971 somniorum
990 2903 1035 2970 ab
1049 2894 1270 2987 ‘Aesculapio
1293 2903 1330 2970 ct

602 3005 774 3092 Serapide
796 3007 1002 3074 missorum.

326 3214 390 3292 §a
422 3212 499 3273 Cum
514 3212 545 3272 in
561 3213 753 3295 Artemidori
773 3233 866 3291 opere
889 3211 1135 3274 somniorum
1157 3214 1203 3272 ab
1219 3213 1370 3273 Aescu-

238 3316 351 3395 lapio
382 3324 421 3376 et
450 3316 650 3395 Serapide
682 3319 896 3377 missorum
924 3316 1133 3395 compluribus
1155 3316 1232 3376 locis
1255 3319 1370 3374 mentio

238 3417 304 3496 fiat,
333 3419 512 3498 priusquam
543 3419 583 3479 ad
612 3420 735 3498 singula
758 3418 948 3496 accedamus,
971 3419 1072 3478 omnia
1095 3437 1173 3495 quae
1197 3418 1234 3478 de
1256 3417 1315 3477 hac
1337 3409 1370 3478 re

239 3520 408 3580 traduntur
423 3526 597 3583 accuratius
612 3521 807 3601 inspicienda
822 3526 903 3581 sunt.
935 3520 1039 3598 Atque
1061 3524 1193 3599 primum
1217 3518 1370 3597 egendum

241 3628 291 3681 est
320 3622 359 3682 de
389 3622 643 3702 inscriptionibus
666 3624 872 3703 Epidamnieis,
903 3644 981 3702 quae
1013 3623 1102 3684 annis
1126 3623 1208 3682 1883
1232 3631 1264 3682 et
1288 3622 1370 3682 1885

240 3725 359 3802 publici
392 3725 468 3786 iuris
502 3725 604 3788 factae
635 3727 750 3805 sunt5).
802 3727 970 3788 Continent
1000 3725 1165 3804 praecipue
1195 3725 1371 3787 curationes

239 3827 280 3887 ab
303 3827 498 3906 Asclepiadis
521 3830 598 3908 ipsis
621 3830 812 3907 adhibitusb
835 3849 965 3908 quarum
987 3836 1052 3889 tres
1074 3831 1106 3888 in
1130 3827 1266 3905 aegrotis
1289 3826 1369 3905 vigi-

328 4016 353 4082 1)
371 4012 468 4069 delier
483 4030 511 4085 p.
530 4013 572 4068 12.
632 4000 636 4007 '

326 4100 353 4166 2)
371 4099 478 4154 Krauss
495 4100 523 4154 in
542 4100 656 4170 praefat.
673 4116 701 4172 p.
719 4100 763 4155 VI
781 4098 838 4170 (ubi
856 4097 1003 4170 legendum
1020 4096 1065 4153 IV
1083 4097 1114 4152 B.
1133 4114 1183 4167 pro
1201 4096 1233 4150 II
1252 4096 1302 4165 Β.)

325 4188 352 4255 3)
370 4184 472 4240 Euseb.
489 4186 508 4240 l.
526 4185 572 4239 all.
881 4186 908 4253 4)
927 4202 954 4255 p.
973 4184 1031 4250 198,
1052 4200 1090 4238 re.

326 4273 353 4341 5)
370 4273 399 4326 in
417 4271 598 4343 Ephemeride
615 4271 827 4343 archaeologica.

325 4359 353 4425 6)
371 4358 483 4425 Zacher,
501 4357 598 4412 Herm.
616 4357 701 4424 XXI,
718 4375 745 4428 p.
763 4357 823 4411 472.
