3254 4890
717 362 926 426 „36-

257 547 345 609 tinet
399 548 583 628 Inspioienti
618 549 839 628 Aristophanis
873 549 1021 626 Byzantii
1054 553 1128 627 epit.
1159 550 1183 627 I,
1216 552 1263 610 14.
1296 549 1390 631 151):

259 643 381 727 μάνυχα
411 649 456 710 δέ’
474 649 552 712 ἔστιν
581 649 632 712 καλ
662 650 758 722 ἵππος
778 647 829 710 καί
852 643 922 722 άνος
944 644 1034 729 ὄρεάς
1056 649 1107 710 καί
1130 650 1182 711 είτι
1206 645 1289 712 άλλο·
1322 649 1389 711 τού-

258 773 329 823 τους
359 749 390 812 δὲ
421 751 590 832 συμβέβηκε
620 751 670 812 καλ
693 746 866 831 λοφοάρους
896 756 1068 828 κεκλῆσθαι.
1112 751 1228 831 δίχηλος
1256 750 1290 812 δέ
1312 751 1392 813 ἐστιν

259 850 393 932 κάμηλος
424 853 536 945 ἔλαφος
567 860 621 927 σῦς
647 856 723 933 βοῦς
744 850 864 933 δάρκων
886 853 938 916 καὶ
961 855 990 915 εί
1009 879 1038 916 τι
1060 849 1144 916 άλλο·
1177 848 1223 925 οἷς
1244 853 1295 916 καί
1317 873 1391 930 συμ-

259 955 386 1034 βέβηκεν
402 956 433 1017 ἐν
447 939 511 1030 τοῖς
529 954 686 1029 ὀπισθίοις
707 956 797 1019 ποσὶν
820 951 1023 1038 ἀστραγάλους
1045 956 1120 1035 ἔχειν
1134 993 1176 1005 -
1193 957 1393 1018 manifestum

260 1060 296 1122 fit
326 1055 446 1139 μάνυχα
475 1060 525 1120 καὶ
554 1060 656 1140 δίχηλα
687 1063 790 1123 omnia
818 1060 884 1123 fere
907 1082 975 1122 esse
997 1054 1111 1139 κτήνη;
1140 1061 1272 1139 ideoque
1293 1061 1394 1121 libros

261 1165 338 1225 duos
363 1165 403 1224 ab
423 1163 609 1225 animalibus
628 1164 816 1243 domesticis,
832 1164 871 1223 de
894 1164 1006 1240 quibus
1028 1165 1171 1242 inprimis
1193 1183 1294 1223 sermo
1317 1170 1394 1240 eret,

260 1287 371 1327 nomen
394 1269 552 1343 accepisse
576 1274 714 1345 apparet.

347 1369 424 1428 (lum
445 1368 542 1446 igitur
565 1369 626 1447 duo
648 1369 723 1429 libri
745 1366 862 1429 fuerint
884 1366 952 1447 περὶ
977 1371 1107 1448 πτηνῶν,
1130 1369 1183 1446 qui
1206 1369 1337 1429 alterum
1361 1377 1395 1428 et
1464 1415 1470 1425 .

262 1472 389 1533 tertium
410 1474 508 1532 totius
530 1472 622 1532 seriei
643 1472 745 1531 locum
768 1472 925 1549 tenebant,
948 1483 980 1532 et
1004 1471 1064 1531 duo
1087 1471 1160 1531 libri
1183 1469 1251 1550 περὶ
1267 1472 1394 1547 κτηνῶν,

260 1579 321 1635 iam
341 1573 551 1650 intellegimus
574 1574 630 1635 hos
652 1574 823 1652 posteriore
846 1573 914 1635 loco
937 1576 1055 1652 positos
1079 1572 1176 1634 fuisse
1199 1594 1291 1651 quarn
1312 1573 1392 1633 illos.

262 1677 346 1738 Ordo
380 1685 448 1737 erat
478 1679 651 1737 contrarius
681 1677 918 1755 Aristophaneo,
950 1676 988 1737 de
1019 1696 1079 1754 quo
1109 1677 1186 1737 haec
1217 1678 1396 1751 exstant²):

261 1774 350 1840 Ἐπεὶ
366 1767 421 1840 οὖν
438 1773 526 1856 duic
544 1779 605 1839 τῶν
620 1782 702 1862 ζῶσιν
724 1782 871 1862 ζῳοτοκεῖ,
893 1773 913 1837 ά
935 1776 967 1838 δὲ
990 1774 1124 1861 ᾠοτοκεῖ,
1137 1773 1168 1850 δι’
1191 1776 1227 1838 δὲ·
1245 1782 1392 1855 σκωληκο-

262 1887 351 1957 τοκεῖ,
375 1876 554 1960 πειράσομαι
575 1882 638 1958 μὲν,
662 1875 806 1964 ἐντούτῳ
822 1879 890 1959 περί
906 1876 1007 1957 μόνοιν
1021 1883 1081 1941 τῶν
1096 1875 1326 1963 ζῳοτοκοάντοιν
1341 1873 1393 1941 τάν

261 1980 350 2066 λόγον
380 1961 575 2062 ποιήσασθαι,
607 1977 771 2059 άρξάμενος
802 1978 863 2043 άπδ
892 1986 951 2043 τῶν
973 1985 1170 2061 πολυσχιδῶν,
1193 1980 1339 2061 ἐχομένως
1361 1979 1394 2042 δὲ

264 2086 329 2168 περὶ
360 2090 420 2148 τῶν
448 2081 583 2165 διχηλων,
614 2078 675 2146 εἶτα
698 2085 765 2165 περὶ
787 2088 847 2146 τῶν
870 2081 1024 2164 μυνάχων,
1048 2084 1098 2147 ἐπὶ
1119 2090 1194 2147 πᾶσι
1216 2081 1248 2146 δὲ
1270 2082 1395 2163 δηλάσσι

263 2190 314 2251 καί
344 2189 412 2270 περὶ
444 2192 503 2250 τῶν
533 2189 707 2267 σελαχωδῶν
736 2186 901 2269 λεγομένοιν
928 2184 1052 2266 ἰχθύων,
1076 2187 1141 2250 ἐπεὶ
1162 2187 1214 2249 καῖ
1236 2184 1321 2249 αὐτοὶ
1346 2188 1393 2248 δο-

263 2280 350 2353 κοῦσι
379 2296 544 2375 ζῳοτοκεῖν,
574 2285 634 2351 ἄλλ’
664 2286 720 2352 οὗκ
751 2285 899 2373 ᾠοτοκεῖν.
930 2290 962 2351 ἐν
985 2289 1017 2351 δὲ
1039 2296 1104 2362 ταῖς
1126 2289 1278 2368 ἐχομέναις
1299 2284 1399 2374 ταάτη

265 2395 329 2455 δυσί
348 2390 500 2467 συντάξεσι
515 2393 582 2473 περί
599 2396 658 2454 τῶν
679 2388 892 2477 ῳότοκοάυτων
914 2386 1073 2472 άμοιειδῶς
1097 2389 1212 2464 τούτοις
1234 2388 1285 2454 τάν
1307 2389 1399 2474 λόγον·

265 2495 436 2576 ποιήσομαι,
465 2491 519 2575 τὴν
548 2491 644 2575 ἀρχὴν
672 2492 773 2573 λοβῶν
802 2491 864 2557 άπά
888 2499 947 2558 τῶν
970 2491 1111 2576 ἐνύδρων,
1132 2491 1167 2558 τδ
1190 2493 1222 2555 δὲ
1244 2494 1312 2576 περὶ
1335 2499 1400 2556 τῶν

265 2595 544 2680 σκληροτοκοάντυν
567 2592 645 2670 είδος
663 2592 704 2669 ῶς
718 2593 826 2659 λεπτάν
841 2598 893 2659 καί
909 2595 1036 2670 άσθενὲς
1056 2598 1108 2659 καὶ
1131 2596 1189 2661 οὐκ
1212 2592 1295 2670 άξιον
1317 2598 1398 2659 icto·

265 2706 330 2781 ρίας
361 2698 589 2782 παραιτήσομαι.
641 2702 868 2781 Aristophanes
900 2705 998 2782 igitur
1031 2723 1104 2764 aves
1137 2713 1294 2781 postremo
1327 2704 1400 2763 loco

266 2807 423 2883 tractavit,
451 2805 642 2884 paenultimi
660 2805 732 2864 libri
760 2811 881 2883 partem
911 2800 1055 2884 ἒνάδροις,
1077 2806 1224 2884 piscibus,
1246 2806 1395 2866 tribuens.

265 2910 388 2969 Primus
418 2910 498 2969 liber
507 2909 531 2987 3)
561 2917 775 2985 argumentum
806 2909 982 2984 generalius
1013 2909 1139 2969 habuit:
1173 2911 1239 2986 egit
1260 2908 1401 2987 scriptor

266 3012 305 3072 de
333 3010 565 3071 definitionibus
587 3018 619 3071 et
641 3010 856 3088 divisionibus,
879 3011 917 3072 de
939 3011 1025 3072 victu
1048 3016 1080 3071 et
1102 3012 1302 3089 generatione
1324 3011 1394 3095 tali·

219 3144 222 3149 =
251 3115 386 3191 busque
408 3114 503 3174 rebus
525 3115 638 3190 aliis4).

289 3249 292 3265 ι
352 3216 442 3277 Nunc
474 3204 691 3295 inscriptiones
726 3226 802 3293 quas
836 3215 934 3277 fuisse
968 3236 1079 3277 censeo
1107 3215 1279 3277 Alexandri
1315 3215 1401 3279 libro

268 3319 395 3397 eiusque
417 3319 560 3397 partibus
581 3319 701 3379 tabella
723 3318 881 3379 describo:

739 3419 806 3501 περὶ
829 3418 920 3502 ζηάων.

406 3519 449 3586 ια’.

413 3621 450 3706 β’.
993 3623 1061 3705 περὶ
1084 3628 1202 3703 πτηνῶν
1225 3620 1251 3684 α’

413 3724 447 3812 γ’.
477 3724 479 3735 ⁴
993 3727 1061 3809 περὶ
1082 3722 1251 3807 πτηνῶνβ

414 3829 451 3898 δ’.
494 3829 562 3910 περί
585 3825 698 3909 ίχθάων
721 3822 935 3914 ηάοτοκοάνταον

412 3930 464 4003 ε’.,
494 3932 561 4012 περί
585 3935 713 4010 σελαχῶν

415 4032 448 4099 c'.
497 4034 565 4115 περὶ
587 4033 732 4114 μαινάχων
994 4035 1061 4115 περί
1084 4039 1201 4114 κτηνῶν
1225 4035 1253 4095 α’

269 4151 474 4161 ———

355 4191 381 4257 1)
399 4188 441 4244 ed
459 4187 507 4259 Sp.
525 4186 668 4255 Lambrus,
686 4187 783 4258 Suppl.
800 4186 950 4255 Aristotel,
968 4188 992 4255 Ι,
1010 4206 1037 4259 p.
1056 4190 1081 4255 3,
1102 4205 1143 4244 ra.

353 4274 382 4343 2)
400 4270 475 4345 Epit
493 4273 517 4340 I,
534 4290 561 4344 p.
579 4275 622 4339 36,
641 4290 664 4328 ε.
918 4274 945 4343 3)
961 4272 1105 4341 Lambrus,
1122 4272 1206 4344 praei.
1224 4290 1251 4343 p.
1268 4271 1295 4327 8.

355 4361 382 4428 4)
399 4360 462 4415 Vel.
479 4358 560 4426 Rosa,
577 4359 693 4413 Aristot
710 4357 891 4429 pseudepigr,
908 4376 936 4429 p.
953 4358 1012 4415 283.
