3254 4890
688 325 901 388 „21--

231 506 302 572 otaoi
333 512 364 571 in
388 513 497 591 primis
520 514 549 574 V
571 513 661 573 libris
684 512 785 572 locum
807 512 973 574 tenuerint.
1017 510 1093 573 Illas
1117 505 1264 591 συνταγολς
1285 511 1368 573 inter

235 608 355 693 ἰατρικά
372 621 403 676 et
426 609 540 691 φυσικά
564 635 632 675 esse
654 614 836 685 inserendas
860 623 1004 693 apparet:
1027 615 1133 693 itaque
1155 635 1217 675 non
1240 615 1370 677 dubium

233 726 294 794 est,
318 721 393 794 quin
416 722 447 777 in
471 718 564 778 tertio
587 719 667 778 libro
689 721 792 777 inesse
814 717 981 796 potuerint.

323 819 444 890 Quibus
461 820 499 880 de
515 820 617 881 causis
632 841 688 899 pro
708 813 798 889 κιλσῖς
819 820 1017 880 scribendum
1040 839 1108 880 esse
1130 817 1235 890 κεσιιλς
1259 840 1368 881 censeo

234 931 325 983 ratus
358 924 611 1001 interpolatorem
643 922 748 982 verbis
783 921 941 982 ludentem
975 921 1015 981 ad
1046 906 1170 991 κεστοῦς
1201 930 1369 999 spectasse.

236 1026 308 1086 Vox
322 1018 426 1095 κεστός
441 1024 548 1085 eodem
571 1024 661 1084 modo
685 1045 722 1085 ac
743 1026 878 1094 ποικίλος
899 1017 1022 1085 ‘varius’
1045 1025 1185 1102 intellegi
1207 1025 1370 1102 postest1).

323 1128 494 1203 Postquam
525 1127 748 1204 exquisivimus
780 1147 870 1204 quem
908 1126 948 1187 ad
980 1134 1136 1187 auctorem
1172 1127 1259 1187 locus
1288 1135 1370 1188 trac·

235 1235 322 1290 tatus
353 1238 482 1308 spectet,
514 1229 647 1290 fortasse
678 1229 784 1306 quaeri
813 1236 926 1308 potest,
956 1250 1057 1305 aquo
1079 1229 1279 1308 interpolatio
1303 1235 1370 1289 orta

234 1333 287 1394 sit.
331 1333 430 1392 Paulo
457 1340 529 1411 post
559 1353 586 1393 a.
611 1334 672 1392 190
693 1354 722 1411 p.
746 1331 816 1392 Chr.
839 1331 1056 1392 Artemidorus
1085 1330 1199 1392 librum
1221 1331 1268 1392 IV
1298 1352 1369 1391 oon·
1458 1333 1459 1337 ’

237 1433 314 1495 iecit
325 1438 364 1511 2);
380 1434 548 1495 Africanus
564 1456 641 1513 opus
656 1455 745 1495 suum
760 1435 940 1495 Alexandro
957 1435 1070 1495 Severo
1086 1438 1266 1513 imperatori
1285 1433 1370 1494 dedi·

236 1537 367 1615 eavitss).
428 1537 641 1616 Interpolator
677 1537 819 1598 Africani
856 1539 996 1615 aequalis
1033 1545 1118 1615 erat;
1156 1546 1231 1598 tunc
1268 1543 1371 1597 autem

236 1640 386 1718 temporis
415 1640 530 1701 librum
558 1641 606 1701 IV
634 1641 666 1724 in
696 1641 838 1701 manibus
860 1640 1051 1701 Artemidori
1078 1639 1136 1701 filii
1158 1638 1255 1707 fuisse
1277 1638 1370 1701 valde

238 1741 406 1803 verisimile
435 1752 492 1803 est.
535 1744 674 1803 Prooem.
703 1743 841 1820 1.1V⁴):
872 1739 1057 1820 μεμνημένος
1087 1742 1182 1824 (filius
1213 1740 1293 1822 esto)
1326 1736 1371 1801 ὅτι

236 1861 287 1903 σοι
309 1839 564 1924 προσπεφώνηται
586 1840 619 1904 cd
643 1844 768 1922 βιβλίον,
799 1839 882 1915 ὅπως
907 1838 944 1903 dv
965 1836 1056 1916 αὔτιλς
1079 1843 1146 1929 ἔχῃς
1168 1847 1299 1922 χρῆσθαι
1321 1841 1371 1903 κοιλ

238 1939 281 2021 μὴ
303 1950 425 2016 πολλοῖς
452 1949 598 2030 κοινωνῇς
621 1941 821 2028 ολνιιγροιφῶν.
866 1941 902 2005 roi
926 1941 982 2026 γάρ
1006 1945 1137 2008 ἐνταῦθα
1159 1941 1373 2027 μραφησόμενοι

238 2045 365 2123 μένοντα
397 2045 449 2123 μὲν
481 2043 561 2127 πικροὶ
594 2048 640 2109 σοὶ
672 2047 792 2116 πάντων
822 2043 983 2129 ὑπέρτερον
1013 2045 1034 2127 ἢ
1066 2042 1189 2119 οὐδενός
1219 2069 1251 2129 γε
1276 2042 1374 2108 λειπό-

239 2171 328 2225 μενον
356 2144 590 2232 όνειροκριτικόν
621 2170 652 2211 σε
683 2147 811 2228 ποιήσει,
839 2150 1025 2212 κοινωθέντα
1048 2150 1080 2212 δὲ
1102 2146 1191 2213 οὐδέν
1213 2174 1238 2210 τι
1264 2154 1373 2227 μᾶλλον

237 2250 346 2331 ἐνέρων
376 2271 408 2313 σε
439 2249 635 2331 ἐπιστάμενον
666 2253 823 2326 ἕπιὸελλξει.Α
854 2254 1071 2316 Artemidorus
1093 2255 1152 2316 soli
1174 2254 1372 2315 Artemidoro

238 2355 304 2416 filio
334 2357 447 2417 librum
477 2358 618 2421 tradidit.
662 2358 740 2419 (lum
769 2365 870 2419 autem
896 2359 1016 2418 duobus
1039 2358 1070 2417 in
1095 2358 1253 2419 codicibus
1275 2359 1373 2418 verba

237 2458 347 2520 eadem
378 2461 449 2538 sint,
478 2461 580 2522 locum
607 2461 668 2521 iam
698 2461 730 2520 in
761 2462 931 2539 archetypo
961 2463 1128 2539 exstitisse,
1156 2463 1176 2521 i.
1207 2481 1232 2521 e.
1261 2482 1280 2521 a
1308 2459 1372 2520 filio

237 2560 438 2624 Artemidoro
462 2563 616 2624 adiectum
640 2584 707 2625 esse
731 2564 887 2625 coniciam.

275 2882 345 2951 Ill.
369 2882 421 2951 Do
443 2884 721 2953 collectionibus
744 2886 967 2954 somniorum
990 2887 1034 2953 ab
1048 2876 1269 2970 ‘Aesculapio
1293 2886 1330 2952 et

601 2987 773 3074 Serapide
796 2989 1002 3057 missorum.

325 3196 389 3274 §b
421 3194 544 3255 (lumin
561 3195 752 3277 Artemidori
772 3216 865 3275 opere
888 3196 1133 3256 somniorum
1157 3197 1369 3257 abAescu-

237 3298 351 3377 lapio
382 3305 420 3359 et
450 3298 649 3377 Serapide
681 3302 896 3360 missorum
923 3298 1132 3378 compluribus
1154 3300 1232 3360 locis
1254 3303 1369 3359 mentio
1395 3356 1397 3361 ,

237 3398 303 3477 fiat,
332 3402 511 3479 priusquam
542 3401 582 3461 ad
611 3402 734 3480 singula
757 3402 947 3480 accedamus,
970 3402 1071 3461 omnia
1093 3421 1172 3478 quae
1195 3402 1234 3462 de
1255 3402 1314 3461 hac
1336 3393 1370 3462 re

238 3503 407 3563 traduntur
422 3508 596 3565 accuratius
612 3504 806 3583 inspicienda
821 3510 902 3565 sunt.
934 3504 1038 3580 Atque
1060 3508 1192 3582 primum
1216 3503 1369 3581 agendum

240 3610 289 3664 est
319 3605 358 3664 de
388 3605 642 3685 inscriptionibus
665 3607 870 3686 Epidaurios,
902 3627 980 3684 quae
1012 3606 1101 3667 annis
1125 3607 1207 3666 1883
1230 3615 1262 3666 et
1287 3604 1369 3666 1885

239 3707 359 3785 publici
391 3708 467 3769 iuris
500 3707 603 3770 factae
634 3709 749 3787 sunt5).
801 3710 968 3771 Continent
999 3708 1164 3787 praecipue
1194 3709 1371 3773 curationes

238 3809 279 3869 ab
302 3810 498 3888 Asclepiadis
519 3812 597 3891 ipsis
620 3813 810 3890 adhibitasl)
833 3833 963 3890 quarum
987 3819 1051 3872 tres
1073 3815 1106 3870 tn
1129 3811 1264 3888 aegrotis
1288 3810 1368 3888 vigi·

327 3998 352 4065 1)
369 3994 466 4051 Gelzer
483 4013 510 4067 p.
529 3995 571 4051 12.
631 3983 635 3989 ’

325 4081 352 4147 2)
370 4081 477 4135 Kranae
494 4082 522 4135 in
541 4084 655 4151 praelat.
672 4101 700 4154 p.
718 4083 763 4138 VI
779 4081 837 4152 (ubi
855 4080 1001 4152 legendum
1019 4081 1063 4136 IV
1082 4081 1113 4135 B.
1132 4096 1181 4150 pro
1201 4080 1232 4133 11
1250 4081 1301 4149 Β.)

324 4169 351 4236 3)
369 4166 470 4222 Euseb.
488 4167 507 4222 l.
525 4167 571 4222 all.
881 4170 907 4236 4)
925 4184 952 4238 p.
973 4167 1030 4234 198,
1051 4183 1089 4221 ro.

325 4255 352 4323 5)
368 4254 397 4308 in
416 4252 597 4324 Ephemeride
614 4253 826 4325 arohaeologica.

324 4340 352 4406 6)
370 4339 482 4406 Zacher,
500 4339 597 4394 Herm.
615 4338 700 4405 XXI,
717 4356 744 4409 p.
762 4339 821 4392 472.
