3254 4890
691 295 907 359 „24-

222 503 365 559 naturam
388 489 492 566 aliquo
514 486 611 546 modo
638 484 763 562 egredi.
796 483 841 542 At
863 481 1087 545 dormientibus
1110 505 1231 562 quoque
1254 492 1386 549 somnia

224 622 243 662 a
272 604 383 662 natura
416 589 622 652 abhorrentia
655 589 769 648 venire
800 592 940 662 possunt.
983 586 1022 645 In
1053 587 1136 662 quod
1165 608 1265 665 genus
1296 610 1384 653 som.

223 707 344 765 nicrum
366 698 444 758 haec
466 700 541 755 sunt
563 690 764 753 inscrenda?
805 685 1007 747 Manifestum
1029 695 1077 749 est
1100 690 1230 749 alteram
1253 701 1383 769 partem

116 810 120 817 ’
226 799 416 866 definitionis
452 817 472 857 a
508 796 677 856 Macrobio
718 791 836 853 certius
873 809 965 866 quam
1002 791 1107 851 decuit
1143 794 1382 869 pronuntiatam

227 927 304 985 esse,
327 912 359 966 et
381 902 462 961 hanc
483 904 563 979 puto
587 901 736 976 priorem.
767 892 858 966 Quod
880 913 972 970 saepe
991 892 1035 972 fit,
1051 895 1229 956 Macrobius
1253 917 1382 977 semper

226 1010 295 1071 ficri
325 1009 441 1068 censet.
484 1002 626 1062 Exstant
657 1004 764 1059 autam
793 996 854 1055 loci
885 995 997 1072 quibus
1019 998 1233 1057 incubantium
1256 1001 1381 1061 somnia

227 1132 299 1175 cum
321 1107 594 1171 semisomniorum
609 1104 687 1167 visis
712 1107 938 1179 comparantur.
967 1100 1050 1162 Plut.
1067 1101 1105 1161 de
1121 1101 1198 1162 Gen.
1215 1103 1299 1163 Socr.
1319 1107 1380 1166 22:

229 1215 289 1292 έφη
330 1208 362 1273 δέ
393 1200 528 1286 καταβὰς
562 1204 606 1278 είς
638 1199 672 1265 τό
707 1206 846 1281 μαντεῖον
879 1207 1045 1280 περιτυχεῖν
1077 1200 1173 1288 σκότῳ
1207 1207 1307 1288 πολλῷ
1343 1202 1379 1268 τό

230 1318 359 1395 πρῶτον,
389 1304 439 1373 εἶτ’
474 1304 680 1386 ἐπευξάμενος
708 1310 830 1366 κεῖσθαι
860 1301 953 1365 πολόν
982 1300 1099 1382 χρόνον,
1131 1304 1168 1366 οό
1192 1303 1270 1383 μάλα
1300 1326 1377 1385 σομ-

230 1419 356 1499 φρονοῑν
379 1413 512 1495 ίναργοῖς
536 1410 588 1472 είτ’
611 1408 771 1491 ἐγρήγορεν
794 1406 844 1468 εἴτ’
868 1403 1067 1484 οίνειροπόλει.
1112 1410 1208 1472 Cuius
1234 1411 1297 1471 loci
1327 1413 1376 1472 in·

232 1522 314 1584 dicio
330 1518 431 1581 fretus
447 1513 668 1596 Sprengelium
678 1513 701 1590 l)
716 1524 801 1573 recte
816 1518 892 1589 puto
905 1511 1070 1571 lamblichi
1085 1513 1187 1573 locum
1197 1515 1221 1594 ²)
1233 1514 1275 1573 ad
1286 1516 1376 1576 incu-

233 1624 389 1687 bationom
407 1618 588 1681 rettulisse:
612 1610 649 1677 οὗ
673 1609 733 1692 μὴν
756 1613 789 1674 οἵ
808 1634 838 1673 τε
852 1607 1040 1689 θεόπεμπτον
1063 1611 1240 1692 καλούμενοι
1263 1610 1376 1698 όνειροι

235 1728 343 1789 τοῦτον
365 1724 499 1806 γίνονται
520 1715 575 1782 τόν
593 1714 718 1799 τρόπον,
742 1710 832 1795 όνπερ
849 1709 886 1776 σι)
901 1712 999 1796 λέγεις.
1029 1710 1087 1776 ἀλλ’
1103 1717 1132 1777 εί
1143 1740 1190 1779 τοι
1204 1721 1260 1777 τοῦ
1273 1713 1375 1781 ὕπνον

236 1825 463 1899 ἀπολείποντος,
491 1820 665 1904 ἀρχομένων
688 1813 756 1897 όρτι
778 1816 977 1899 ἐγρηγορέναι,
1001 1815 1126 1881 οιίιοόειν
1149 1816 1271 1900 πάρεστί
1294 1843 1376 1891 τινος

236 1932 343 2009 φωνῆς
365 1922 527 2005 συντόμου,
559 1927 612 2002 τῆς
640 1925 699 1983 τῶν
723 1920 876 2000 πρακτέων
898 1915 1120 2001 ὑφηγουμένης,
1143 1918 1165 2002 ἢ
1188 1918 1296 2000 μεταξό
1319 1928 1376 1983 τοῦ

237 2028 430 2114 ίγρηγορέναι
460 2026 509 2091 καί
543 2019 712 2088 καθεύθειν
742 2018 847 2098 όντων,
879 2017 973 2100 irrui
995 2029 1145 2097 παντελῶς
1167 2021 1374 2106 ἐγρηγορότων

237 2134 270 2197 ul
298 2131 398 2209 φωναί
431 2126 603 2193 οἷκοόονται.
649 2128 858 2205 sequentibus
890 2129 995 2189 verbis
1025 2130 1149 2207 singula
1177 2131 1284 2190 eodem
1307 2128 1373 2190 fere

237 2238 329 2301 modo
353 2244 447 2314 atquc
478 2232 562 2313 apud
584 2231 788 2293 Plutarchum
810 2236 1002 2292 enarrantur.
1039 2234 1150 2310 Itaque
1174 2253 1243 2293 cum
1266 2232 1374 2292 videa·

237 2360 306 2401 mus
337 2356 489 2399 summam
519 2354 588 2396 esse
611 2333 858 2395 convenientiam
888 2335 971 2393 inter
992 2335 1207 2396 incubantium
1229 2342 1261 2395 et
1282 2335 1373 2395 semi·

238 2441 426 2505 somniorum
460 2437 588 2515 somnia,
621 2442 688 2497 tcta
721 2435 873 2497 Macrobii
906 2437 1071 2514 explicatio
1106 2439 1147 2498 ad
1179 2440 1300 2499 somnia
1332 2439 1371 2497 ab

237 2542 426 2621 Aesculapio
442 2544 544 2618 missa,
560 2538 643 2617 quod
659 2537 783 2617 quidem
806 2536 846 2597 ad
869 2537 1044 2615 antiquiora
1066 2549 1206 2621 tempora
1228 2543 1370 2618 attineat,

238 2647 354 2725 optime
384 2642 524 2723 quadrat.
568 2640 619 2702 Ad
650 2640 751 2701 omnia
780 2640 858 2702 hacc
884 2641 1013 2721 accedit,
1037 2645 1120 2721 quod
1140 2646 1269 2703 Artemo
1292 2662 1370 2704 scm·

238 2751 359 2809 nicrum
393 2745 535 2825 inprimis
568 2744 783 2823 Serapicorum
816 2746 973 2806 coniector
1002 2746 1041 2807 da
1072 2749 1149 2809 visis
1183 2749 1256 2824 egit,
1289 2752 1371 2806 teste

238 2847 437 2911 Artemidoro
448 2848 481 2927 Β).

325 3035 407 3113 §7-
467 3034 515 3093 De
559 3033 808 3095 somniorum
852 3033 1045 3113 inprimis
1083 3039 1370 3116 Serapicorum

238 3134 559 3199 coniectoribus
581 3136 797 3197 Artemidorus
818 3138 853 3196 H
875 3140 950 3218 444)
973 3140 1071 3200 verba
1092 3138 1183 3200 facit:
1213 3133 1370 3219 Ὀνείρονς

240 3235 272 3299 ti
289 3230 516 3316 ἀποβεβηκότας
537 3237 588 3298 καί
611 3233 663 3311 τός
685 3233 851 3317 ιἰποβόοεις
872 3235 972 3301 αὐτῶν
994 3240 1052 3302 οὐκ
1075 3240 1219 3319 ένειίέχετο
1241 3240 1370 3323 γράφειν

240 3341 272 3404 έν
304 3340 390 3426 τέχνη
423 3333 642 3425 όνιιροκριτικῇ
672 3338 729 3402 καίΙ
752 3333 927 3420 όποθηιιαις
957 3339 1171 3424 θεωρημάτων.
1216 3341 1289 3406 οὐδέ
1319 3368 1368 3423 μοι

239 3440 355 3506 πιθαναὶ
385 3437 483 3504 έιίόκει
505 3446 607 3516 ταῦτα,
635 3445 731 3507 καίτοι
754 3447 883 3523 Γεμινοῦ
905 3449 958 3507 τοῦ
985 3448 1097 3525 Τυρίου
1118 3446 1169 3508 καί
1194 3451 1370 3529 Δημητρίου

239 3550 292 3608 τοῦ
325 3543 487 3626 Φαληρέως
520 3544 570 3608 καί
598 3538 781 3626 Ἀρτέμωνος
812 3551 866 3608 τοῦ
889 3550 1043 3628 Μιλησίου
1076 3548 1205 3628 τοῦμὲν
1236 3552 1268 3615 ἐν
1293 3550 1368 3634 τρισί

239 3650 375 3730 βιβλίοις,
408 3650 463 3709 τοῦ
494 3646 526 3713 δέ
549 3648 580 3712 έν
602 3646 699 3724 πέντε,
724 3652 778 3710 τοῦ
802 3647 833 3710 u
856 3650 888 3712 έν
910 3647 1060 3714 εἰκοσιδύο
1082 3651 1211 3727 πολλοός
1234 3653 1370 3736 ὀνείρους

239 3749 499 3834 ἇναγροψαμένων
531 3751 583 3814 καί
615 3747 740 3828 μάλιστα
772 3749 919 3835 σννταγοίς
949 3752 1001 3816 καί
1031 3759 1196 3839 θεραπείας
1225 3754 1278 3829 τός
1307 3751 1367 3819 tel

239 3849 414 3934 Σαράπιδος
436 3855 585 3928 δοθείσας.

326 4045 351 4104 1)
369 4043 468 4098 Gesch.
486 4041 513 4097 d.
530 4041 725 4097 Arraeikunde
743 4043 767 4108 I,
785 4061 812 4114 p.
829 4043 889 4099 223.

324 4128 351 4197 2)
370 4128 413 4183 De
430 4134 541 4199 myster.
559 4130 679 4200 Aegypt
697 4129 739 4184 ed.
758 4124 828 4185 Gale
846 4127 893 4183 III
911 4127 935 4182 2.

325 4215 352 4281 3)
370 4213 405 4269 do
423 4215 572 4269 Artemone
590 4213 625 4269 cf.
643 4214 723 4269 infra.

315 4301 352 4358 ‘4l
369 4316 397 4371 p.
416 4300 474 4367 148,
494 4316 534 4355 rc.
