3254 4890
703 346 918 410 ..15-

244 533 348 614 μάντις
370 534 420 595 καὶ
444 527 621 613 ἴεροοκύπος
632 533 666 604 1),
689 532 743 610 qui
765 530 833 608 περὶ
856 534 998 609 μαντικῆς
1018 533 1114 594 libros
1129 534 1177 595 IV
1196 532 1376 611 composuit.

245 642 435 717 Fragmenta
467 636 560 715 primi
589 636 782 713 collegerunt
799 636 896 696 'Lenz
927 640 959 695 et
981 635 1165 712 Siebelis²);
1196 655 1235 695 ex
1266 635 1376 695 horum

244 744 325 803 libro
358 740 520 800 transtulit
549 739 580 798 iu
612 759 701 799 suum
732 738 864 798 Mueller
874 740 906 815 ³),
930 758 1020 814 quem
1043 737 1075 797 in
1097 737 1233 798 numeris
1255 757 1376 813 sequor.

247 843 381 905 Oracule
402 842 558 903 enarravit
580 840 785 902 Philochorus
793 842 833 917 4);
856 841 895 901 de
911 839 1035 919 Orpheo
1058 844 1131 917 egit,
1154 843 1207 917 qui
1229 841 1377 900 vaticinia

247 967 304 1008 sua
317 950 351 1006 in
366 945 491 1006 tabellis
510 946 669 1022 inscripsit
680 944 712 1023 ⁵),
736 954 768 1004 et
791 943 878 1004 ouius
901 951 991 1022 pater
1005 944 1175 1022 Eumolpus
1199 939 1377 1018 παραλύσεις

247 1046 297 1108 καὶ
312 1042 425 1118 τελετάς
439 1044 489 1106 καλ
504 1041 683 1124 καθαρμούς
698 1042 870 1124 composuit
880 1046 921 1126 6);
944 1045 1051 1106 docuit
1067 1047 1142 1123 quid
1162 1049 1204 1106 sit
1227 1042 1374 1124 ἐγγαστρί-

247 1151 401 1230 μαντις7);
425 1150 521 1210 verba
551 1148 627 1210 fecit
649 1149 688 1209 de
711 1148 903 1209 divinatione
926 1168 943 1208 e
966 1138 1104 1209 sortibus
1112 1149 1144 1226 8),
1168 1146 1201 1207 ἐκ
1224 1148 1377 1225 πνραῑν9);

247 1251 280 1312 έκ
298 1247 409 1331 φήμης,
425 1254 581 1332 πταρμῶν,
597 1255 719 1324 φωνῶν,
743 1246 939 1327 άπαντήσεων
949 1251 1005 1329 10);
1029 1271 1066 1311 ex
1089 1252 1203 1312 avium*
1214 1251 1321 1310 volatu
1331 1249 1378 1328 11),

245 1355 459 1432 esomniis12).
488 1355 536 1415 De
553 1353 676 1434 Orpheo
691 1354 724 1414 in
739 1357 838 1433 primo
856 1355 937 1414 libro
961 1358 1034 1432 egit,
1056 1354 1096 1414 de
1119 1353 1378 1435 ἕγγαστριμαντελμ

246 1458 279 1517 in
308 1460 420 1534 tertio;
451 1466 554 1518 cetera
584 1457 623 1519 de
653 1457 760 1518 ordine
783 1459 933 1518 librorum
955 1457 1118 1518 nescimus.
1162 1456 1378 1517 Artemidorus

247 1560 466 1620 Philochorum
484 1581 545 1621 non
570 1570 803 1638 commemorat;
827 1581 898 1621 nam
921 1580 1000 1638 quae
1018 1559 1257 1639 Πνθαγορισταί,
1274 1577 1378 1633 φυσιο-

246 1663 399 1743 γνωμτκολ,
431 1657 727 1744 άστραγαλομάντεις,
760 1657 959 1742 τνρσμάντιις,
988 1660 1240 1739 κοσκινομάντεις,
1264 1682 1380 1739 μορφο-

248 1760 373 1837 σκόποι,
406 1765 594 1842 χειροσκύποι
605 1765 656 1843 18)‚
693 1761 935 1841 λεκανομάντεις,
968 1760 1178 1842 νεκυομάντεις
1210 1763 1378 1844 proferant,

247 1871 397 1928 ementita
420 1888 488 1929 esse
511 1868 589 1929 dicit
598 1868 655 1947 14);
678 1889 783 1930 veram
806 1890 874 1930 esse
897 1870 995 1929 solum
1019 1869 1243 1929 divinationem
1266 1870 1378 1935 θατιύν,

248 1968 422 2041 οδωαιστῶν,
463 1963 699 2046 άστεροσκύπων,
735 1967 970 2049 τερατοσκόπων,
1008 1966 1227 2049 ύνειροκριτάν,
1265 1962 1379 2044 victuro-

248 2065 371 2130 σκόπων
381 2070 429 2151 16).
473 2071 565 2132 Nunc
596 2071 815 2133 conferendum
843 2084 891 2134 est
920 2075 987 2134 Art.
1019 2074 1071 2133 ΙΠ
1094 2074 1201 2151 281⁶):
1232 2072 1259 2132 εἰ
1288 2073 1320 2133 δέ
1353 2095 1379 2130 τι

249 2166 460 2251 ποικιλώτερον
490 2171 556 2251 περὶ
585 2169 655 2244 τούς
685 2172 762 2252 μύας
790 2173 894 2251 βλέποι
924 2196 975 2251 τις,
1001 2175 1092 2248 έξεστι
1119 2175 1295 2256 μεταφέρειν
1328 2170 1379 2245 τάς

248 2277 358 2352 κρίσεις
387 2269 447 2336 άπύ
471 2279 531 2336 τῶν
549 2272 641 2357 ,παρά
664 2273 871 2355 Μελάμποδος
894 2277 926 2338 έν
948 2281 989 2361 τῷ
1011 2276 1079 2355 περὶ
1101 2275 1232 2357 τεράτων
1254 2276 1306 2338 καὶ
1329 2296 1379 2356 ση-

249 2381 339 2453 μείων
369 2377 584 2462 γεγραμμένῳ,
600 2375 689 2441 οὐδὲν
720 2379 872 2459 διαφέρειν
903 2373 1088 2461 ἡγουμένους
1117 2376 1153 2440 τά
1176 2375 1244 2457 μεθ’
1266 2375 1380 2459 ἡμέραν

249 2477 387 2561 γινόμενα
417 2485 477 2541 τῶν
499 2477 573 2562 ύναρ
596 2479 767 2545 δοκούντων
790 2484 942 2563 γίνεσθαι.
976 2487 1028 2561 τῆς
1050 2482 1106 2563 γάρ
1129 2478 1221 2562 αύτῆς
1242 2479 1379 2561 τετύχηκε

248 2579 449 2662 προρρήσεως,
482 2579 522 2655 cic
552 2581 693 2657 πολλάκις
718 2579 790 2664 ύμῖν
813 2585 896 2660 ἔδοξε
918 2581 967 2648 διά
990 2588 1110 2667 πείρας.
1136 2581 1186 2647 διά
1209 2589 1326 2665 μακροῦ
1349 2582 1381 2644 δὲ

249 2682 302 2747 τύν
317 2683 410 2747 τόπον
424 2689 530 2746 τοῦτον
546 2685 724 2767 ἐξείργασται
741 2685 772 2748 έν
794 2689 836 2768 τῷ
859 2686 986 2771 δευτέρῳ
1009 2692 1062 2764 τῆς
1084 2685 1192 2748 ἑαυτοῦ
1215 2682 1381 2759 συντάξεως

249 2781 446 2859 Ἀπολλώνιος
482 2781 501 2847 ύ
536 2784 703 2859 Ἀτταλεύς.
764 2791 855 2851 Hanc
892 2791 1147 2868 coniunctionem,
1184 2811 1262 2867 quae
1299 2790 1381 2851 iuter

250 2885 465 2968 ύνειροκρισίαν
494 2897 526 2950 et
547 2894 780 2967 τερατοσκσπίαν
803 2901 859 2970 est,
889 2897 983 2954 etium
1005 2893 1087 2953 inter
1109 2890 1326 2970 ὀνειροκρισλαν
1349 2904 1381 2955 et

250 3002 354 3055 cetera
385 2993 586 3054 divinationis
616 3013 730 3069 genera
761 3015 828 3056 esse
861 3001 998 3075 apparet.
1043 2995 1283 3074 coniungendas
1313 3016 1380 3057 esse

248 3096 450 3175 astrologiam
481 3105 513 3157 et
543 3103 640 3157 artem
670 3098 790 3157 somnia
819 3097 1046 3177 interpretandi
1067 3098 1283 3160 Artemidorus
1312 3099 1380 3178 ipse

335 3318 361 3385 1)
379 3315 457 3372 Suid.
476 3334 498 3371 s.
515 3333 541 3370 v.

334 3401 362 3471 2)
378 3401 538 3459 Philochori
554 3401 731 3457 Atheniensis
748 3400 883 3456 librorum
900 3401 998 3472 fragm.
1017 3419 1034 3457 a
1052 3403 1083 3457 0.
1096 3402 1131 3458 G.
1149 3403 1250 3459 Lenzio
1267 3403 1382 3459 collecte

248 3483 291 3538 ed.
310 3485 349 3541 M.
367 3487 457 3542 Carol.
475 3487 598 3554 Siebelis,
615 3487 693 3559 Lips.
713 3487 788 3552 1811,
806 3505 833 3558 p.
851 3487 886 3542 98
903 3504 943 3557 sq.

335 3572 362 3639 3)
379 3571 444 3642 Frg.
462 3572 538 3626 Hist.
558 3573 606 3629 Gr.
625 3573 640 3627 I
658 3591 685 3644 p.
704 3575 755 3628 415
774 3591 813 3643 sq.
831 3573 884 3644 irg.
902 3573 1047 3642 190-203.

335 3657 362 3724 4)
380 3656 432 3726 frg.
452 3657 587 3714 194.195.
896 3661 923 3727 5)
940 3659 992 3729 frg.
1012 3659 1071 3714 190.
1091 3659 1149 3713 191.

337 3741 364 3809 6)
380 3741 432 3812 frg.
450 3741 510 3797 200.
700 3780 702 3785 ·
897 3748 924 3808 7)
942 3745 994 3814 irg.
1013 3744 1071 3798 192.

335 3826 363 3885 8)
379 3826 432 3897 irg.
451 3829 509 3882 196.
896 3832 923 3898 9)
941 3831 994 3901 frg.
1014 3831 1072 3884 197.

321 3912 363 3979 10)
379 3910 432 3982 irg.
452 3913 509 3967 198.
705 3918 748 3984 11)
764 3916 817 3986 irg.
837 3917 895 3971 199.
1104 3915 1146 3981 12)
1165 3914 1217 3985 irg.
1235 3914 1381 3972 201-203.

319 3998 362 4064 13)
381 3996 481 4052 Suidas
507 3998 714 4055 Artemidorum
742 4008 850 4072 praeter
882 3998 1064 4065 ύνειροκριτικοί
1090 3998 1175 4053 tradit
1201 4004 1380 4069 χειροσκοτικά

248 4088 277 4137 et
299 4081 482 4138 ολιωοσκοττικά
505 4087 697 4156 composuisse.
732 4087 797 4141 Non
819 4091 889 4158 puto
915 4103 959 4140 me
981 4102 1077 4150 errare,
1101 4086 1124 4138 si
1142 4084 1195 4139 hoo
1212 4085 1382 4140 Artemidori

249 4168 336 4238 ipsius
359 4169 517 4224 testimonio
541 4187 607 4224 usus
631 4175 812 4240 χιιροσκοπικά
836 4171 871 4226 ab
889 4170 1065 4226 Artemidoro
1087 4170 1189 4240 scripta
1206 4188 1291 4242 nego;
1317 4189 1382 4226 nam

248 4254 274 4307 si
293 4255 454 4327 scripsisset,
471 4255 550 4310 nullo
567 4255 650 4311 modo
667 4262 725 4311 tam
743 4258 843 4311 aeriter
859 4257 889 4310 in
906 4257 1088 4326 χειραοκόποας
1105 4255 1197 4310 invehi
1215 4256 1313 4326 potuit.

322 4343 407 4412 1411).
428 4344 486 4409 161,
506 4358 546 4397 ao.
737 4344 780 4411 15)
799 4360 826 4413 p.
847 4344 905 4409 161,
925 4358 965 4397 ac.
1155 4341 1199 4409 16)
1217 4359 1244 4412 p.
1266 4342 1323 4408 179,
1344 4360 1382 4397 ιι.
