3254 4890
702 371 744 380 ..
788 337 916 401 31...

240 523 292 585 dei
313 522 415 600 inferi,
445 526 478 582 in
502 524 613 601 quibus
637 523 761 602 Serapis
785 525 896 601 deique
918 525 1071 603 Aegyptii
1093 546 1188 603 supra
1210 526 1298 586 allati
1320 547 1376 585 nu-

241 634 408 704 merantur,
424 630 487 686 vim
504 626 658 703 quandam
675 628 922 705 physiologicam
944 627 1070 688 habent.
1104 627 1155 687 Ad
1177 647 1241 688 rem
1264 627 1375 688 melius

147 816 149 819 Ι
242 729 463 790 illustrandam
493 729 531 789 de
560 730 777 791 nonnullorum
807 730 933 790 deorum
963 731 995 791 vi
1028 730 1243 809 physiologica
1275 751 1375 809 pauca

242 831 402 893 conferam
414 832 447 910 ¹).
963 906 967 913 ,

330 937 444 1014 Magna
465 943 512 997 est
535 937 696 998 consensio
718 941 801 997 inter
823 936 942 997 somnia
963 937 1178 997 incubantium
1201 942 1233 997 et
1256 936 1375 997 divina·

243 1038 358 1098 tionem
373 1039 516 1117 Pythiae,
540 1039 627 1100 cuius
646 1059 734 1099 mens
756 1041 788 1101 vi
809 1047 913 1100 terrae
936 1039 1041 1099 divino
1065 1038 1174 1099 afflatu
1197 1040 1375 1100 concitaba-

243 1147 296 1200 tur
305 1143 344 1219 ²);
360 1161 451 1217 quam
468 1141 703 1202 similitudinem
718 1142 779 1202 iam
794 1142 905 1202 Rohde
927 1141 1096 1218 adnotavit,
1120 1142 1173 1219 qui
1195 1142 1375 1219 rectissime,

246 1250 281 1301 ut
303 1243 379 1302 mihi
401 1243 534 1321 videtur,
556 1245 733 1322 suspicatus
756 1251 805 1305 est
826 1254 918 1305 antea
935 1244 1066 1324 Delphis
1082 1246 1197 1304 Terrae
1220 1246 1377 1305 oraculum
1459 1288 1467 1301 .

243 1343 383 1422 fuisset).
428 1346 550 1407 Bacis
582 1347 814 1407 vaticinabatur
844 1342 1018 1425 κατάσχετος
1050 1346 1082 1406 ἐκ
1111 1350 1250 1422 νυμφῶν,
1273 1346 1377 1424 μανεὶς

244 1446 277 1508 ἐκ
299 1451 440 1525 νυμφῶν,
464 1443 721 1531 νυμφόληπτομ).
765 1451 974 1528 Nymphae
1007 1459 1109 1509 autem
1141 1450 1233 1509 aliam
1256 1469 1379 1527 quoque

244 1551 307 1613 vim
324 1550 534 1612 daemonicam
556 1553 588 1611 in
611 1552 788 1614 hominibus
812 1561 974 1628 exercent3
997 1574 1067 1612 nam
1090 1553 1288 1629 νυμφοληψίο
1308 1559 1378 1612 tan·

244 1674 337 1730 quam
369 1656 494 1715 morbus
522 1659 584 1715 iam
615 1676 633 1715 a
658 1656 818 1717 veteribus
840 1663 951 1734 putata
974 1655 1064 1733 est5).
1109 1655 1212 1714 Etiam
1234 1655 1327 1714 hodie
1351 1652 1379 1713 si

244 1759 299 1831 qui
332 1752 394 1815 ἀπό
428 1755 492 1827 τοὶς
523 1753 677 1836 Νηροὶϊὸες
707 1760 862 1839 ποίρνεοοο
889 1759 996 1819 morbo
1020 1760 1158 1835 corporis
1181 1778 1236 1817 seu
1259 1757 1378 1817 animae

245 1857 329 1919 affici
358 1865 488 1937 putatur
498 1859 530 1937 6).
574 1860 754 1921 Incubus
786 1882 805 1921 a
834 1861 993 1921 Macrobio
1007 1862 1030 1940 7)
1062 1846 1276 1938 physiologice
1309 1879 1379 1937 per-

244 1961 368 2038 cipitur,
392 1962 432 2022 ab
454 1961 651 2023 Artemidoro
662 1964 686 2039 8)
708 1963 933 2041 mythologice,
965 1984 1035 2023 nam
1066 1955 1084 2023 o‘
1110 1956 1202 2032 οὗτός
1233 1953 1306 2021 εἶναι
1339 1963 1380 2040 τῷ

250 2060 328 2122 Πανὶ
350 2058 527 2138 νενόμισται.
563 2065 646 2125 Pau
669 2075 771 2126 autem
794 2067 861 2144 ipse
884 2066 1128 2144 physiologicam
1152 2069 1215 2125 vim
1237 2064 1379 2140 habet⁹);

245 2173 371 2226 exstant
403 2163 435 2225 ἐκ
461 2161 566 2238 Πανὸς
594 2161 725 2245 κάτοχοι,
756 2164 940 2245 nundinator
952 2169 999 2243 10).
1045 2169 1160 2244 Aliquo
1190 2167 1280 2227 modo
1304 2167 1380 2226 deus

246 2288 316 2327 cum
336 2268 518 2347 Dionyso
541 2271 748 2350 coniungitur,
771 2278 807 2331 ut
830 2272 869 2331 ab
892 2271 960 2349 ipso
977 2271 1175 2332 Artemidoro
1187 2271 1241 2350 11);
1264 2267 1379 2347 λέγουσι

242 2366 274 2428 δὲ
309 2367 383 2430 ἔνιοι
421 2363 462 2442 οἷς
499 2377 561 2442 τοῖς
594 2370 661 2451 περὶ
695 2366 747 2431 τὸν
782 2368 933 2433 Διόνυσον
966 2374 1107 2450 τεχνίταις
1140 2369 1218 2433 ἐστὶν
1252 2364 1379 2451 ἀγαθός.

244 2472 420 2535 Daemones
436 2495 558 2554 quoque
573 2475 856 2536 recentissimorum
868 2476 1066 2555 Graecorum,
1080 2475 1193 2553 quibus
1209 2473 1379 2535 similitudo

243 2584 292 2637 est
315 2598 383 2637 cum
405 2579 490 2638 Pane
512 2586 661 2657 veterum,
685 2580 916 2658 physiologioos
941 2578 1072 2639 effectus
1094 2579 1126 2638 in
1149 2577 1328 2637 homiuibus
1350 2583 1381 2635 et

247 2679 432 2740 animalibus
455 2689 619 2758 praestant
630 2681 676 2759 12),
699 2689 734 2741 ut
764 2675 782 2741 o‘
804 2681 1069 2758 κοοτσοόαίμοοος,
1092 2675 1225 2757 λα’βωμο,
1253 2673 1378 2747 Holmoe,

246 2779 413 2841 Pannasch
435 2782 646 2842 Romanorum
670 2783 932 2844 Transsilvaniam
955 2783 1163 2844 incolentium.

332 2901 372 2959 In
386 2901 436 2960 his
453 2894 527 2962 'deis
550 2922 602 2962 eos
626 2903 678 2979 qui
701 2905 824 2964 morbos
847 2912 959 2964 sanant
982 2904 1056 2963 deos
1079 2901 1287 2962 numerandos
1310 2920 1378 2959 esse

246 3002 444 3064 manifestum
475 3005 580 3081 est13).
625 3005 753 3066 Ceteros
782 3016 886 3066 autem
917 3006 991 3066 deos
1014 3005 1241 3084 Aegyptiorum
1271 3003 1380 3064 eodem

246 3106 337 3166 modo
369 3127 428 3184 quo
455 3106 606 3185 Serapida
627 3109 788 3185 percipere
811 3129 990 3186 possumus;
1020 3129 1091 3168 nam
1113 3109 1174 3168 Isis
1198 3127 1267 3167 cum
1290 3106 1379 3165 Sera-

334 3313 359 3377 1)
378 3311 502 3366 Breviter
530 3311 596 3366 talia
626 3311 745 3367 contulit
775 3310 889 3377 Rohde,
917 3311 972 3364 Die
1002 3310 1129 3382 Religion
1157 3308 1206 3363 der
1236 3307 1381 3372 Griechen,

249 3396 326 3463 1895,
343 3416 370 3468 p.
387 3397 430 3452 22.

334 3482 361 3550 2)
380 3483 435 3538 Cic.
453 3483 488 3539 de
505 3484 561 3539 div.
580 3484 604 3549 1,
622 3484 664 3539 38.
717 3484 743 3550 3)
760 3482 875 3552 Psyche,
893 3481 924 3535 II
943 3499 969 3551 p.
988 3481 1045 3537 68².
1104 3482 1131 3541 4)
1149 3497 1175 3549 p.
1193 3478 1260 3533 ibid.
1278 3478 1338 3543 356,
1358 3494 1381 3531 a.

335 3569 362 3620 51
381 3566 413 3621 Β.
433 3567 567 3635 Schmidt,
585 3567 750 3639 Neugrieoh.
768 3567 947 3635 Volksleben,
965 3586 991 3638 p.
1011 3567 1069 3621 121.

336 3653 362 3716 6)
378 3652 443 3708 ibid.
462 3672 489 3724 p.
509 3655 566 3709 119.
902 3656 930 3716 7)
948 3652 1044 3708 Somn.
1062 3652 1106 3706 So.
1124 3649 1139 3703 1
1158 3650 1184 3715 3,
1204 3666 1226 3702 r.

336 3737 363 3806 8)
381 3737 412 3791 11
431 3740 475 3805 37,
492 3756 519 3809 p.
539 3741 597 3806 139,
617 3756 656 3794 ιο.
900 3739 927 3807 9)
944 3736 1063 3803 Lobech,
1076 3732 1222 3805 Aglaoph,
1240 3750 1266 3803 p.
1279 3733 1329 3787 639
1342 3750 1382 3802 sq.

320 3822 363 3891 10)
381 3823 482 3877 Pollux
500 3824 524 3891 1,
544 3824 584 3879 18.
882 3825 925 3892 11)
942 3841 969 3895 p.
988 3823 1046 3890 139,
1066 3838 1106 3876 re.

320 3907 364 3976 12)
382 3908 413 3962 Β.
433 3908 560 3963 Schmidt
576 3909 594 3964 1.
613 3927 637 3964 a
656 3928 683 3981 p.
703 3912 846 3965 153-157.

321 3995 363 4061 13)
381 3993 443 4048 Iam
461 3993 559 4049 Rohde
582 4012 638 4050 non
662 3995 809 4061 dubitavit,
833 3996 900 4067 quin
924 3994 1037 4048 deorum
1055 3992 1201 4045 facultates
1220 3989 1318 4043 furoris
1337 4004 1383 4042 ex·

247 4078 355 4134 citandi
377 4084 404 4134 et
427 4080 545 4150 aegrotis
577 4079 702 4135 medendi
725 4098 782 4134 una
812 4097 845 4134 ex
876 4081 961 4134 altera
988 4076 1137 4132 derivanda
1160 4080 1245 4139 esset,
1269 4072 1384 4142 Psyche,

251 4164 404 4235 11p.29⁴.
440 4165 520 4221 Certe
538 4165 610 4220 enim
634 4182 802 4236 quamquam
825 4182 880 4220 non
903 4164 937 4219 de
958 4181 990 4218 ea
1012 4164 1068 4234 egit
1090 4179 1182 4217 veram
1201 4160 1384 4230 cognitionem

250 4248 334 4305 huius
359 4248 434 4318 λόγου
456 4253 567 4319 φυσικοῦ
589 4251 732 4317 intellexit,
754 4252 801 4321 qui
825 4256 853 4305 et
870 4250 970 4304 furoris
989 4247 1126 4303 excitandi
1144 4252 1171 4301 et
1188 4244 1384 4299 divinationem

251 4353 286 4389 ex
304 4336 397 4392 furore
413 4336 541 4392 movendi
559 4342 585 4392 et
602 4336 727 4392 homines
745 4335 861 4390 sanandi
877 4335 1024 4390 facultates
1040 4336 1069 4387 in
1088 4349 1117 4387 se
1134 4329 1348 4402 comprehendit.
