3254 4890
719 379 934 442 ..34-

197 611 200 617 -
258 589 359 630 sermo
382 575 439 645 est,
464 567 666 628 attribuenda
688 586 756 627 esse
777 565 939 626 videntur:
969 586 1041 626 narn
1063 565 1251 626 exhibentur
1272 565 1391 625 somnia

260 692 278 731 a
300 669 450 749 Serapide
472 670 540 747 ipso
562 672 666 729 missa.
1009 738 1010 741 ρ

345 772 530 833 Adserenda
552 791 621 832 esse
638 771 785 832 uidentur
807 772 868 831 duo
890 771 1010 833 somnia
1023 770 1079 850 IV,
1095 771 1135 829 22
1159 771 1264 848 allata,
1287 790 1392 846 quam-

261 897 353 954 quam
368 878 493 936 nomina
510 875 636 935 deorum
652 874 705 951 qui
720 874 871 935 miserunt
885 895 946 935 non
969 874 1161 935 indicantur:
1187 874 1217 952 1)
1233 895 1261 954 p.
1277 875 1348 951 215,
1363 893 1391 934 o:

259 973 333 1058 γυνὴ
366 976 448 1049 ἔδοξε
480 975 548 1055 περὶ
570 970 662 1054 μαζὸν
684 973 791 1054 ἔχουσα
821 971 991 1056 φλεγμονὴν
1020 969 1081 1036 dard
1111 970 1267 1056 προβάτου
1297 970 1390 1053 θηλά-

259 1085 371 1155 ζεοθαι.
424 1074 631 1162 οἷρνόγλοοσοον
666 1077 914 1157 κοταολαοομένη
952 1074 1038 1156 ἰάθη.
1091 1079 1229 1140 Maxima
1257 1092 1391 1158 ¹apparet

259 1184 431 1244 similitudo
463 1204 531 1243 cum
560 1182 625 1243 illis
657 1187 815 1262 συνεργοῖς
843 1203 872 1261 p.
908 1184 948 1243 33
981 1183 1092 1243 allatis.
1136 1184 1168 1259 2)
1196 1203 1225 1260 p.
1256 1185 1328 1261 215,
1350 1201 1391 1243 10:

262 1284 408 1363 Φρόντων
434 1278 453 1345 ὅ
482 1279 659 1365 ἀρθριτικᾶς
689 1286 854 1364 θεραπείαν
883 1280 1008 1363 αἰτήσας
1038 1283 1139 1356 ἔδοξεν
1167 1284 1199 1345 ἐν
1230 1288 1294 1354 τοῖς
1319 1304 1387 1362 προ-

258 1391 385 1459 αστείοις
406 1392 588 1464 περιπατεῖν.
632 1383 776 1466 orontio
798 1381 972 1468 χρισάμενος
994 1383 1196 1467 πορηγορήθη
1207 1387 1243 1461 1).

548 1659 611 1727 lv.
632 1659 686 1727 lle
707 1658 915 1729 Alexandro
937 1659 1096 1745 llyndlo.

344 1834 383 1894 In
406 1833 451 1894 eis
479 1833 554 1894 libri
582 1835 733 1913 pertibus,
767 1836 880 1910 quibus
902 1825 1119 1895 Artemidorus
1142 1833 1181 1893 de
1204 1833 1389 1894 animalibus

260 1937 315 2016 (ΙΙ,
335 1938 476 2013 11-223
499 1936 561 2014 III,
584 1938 613 1996 5.
637 1938 685 1997 11.
710 1938 759 1997 12.
784 1939 831 1999 18.
854 1938 904 1998 64.
927 1939 977 2015 65;
1000 1934 1056 2015 IV,
1079 1937 1134 2017 56)
1157 1946 1189 1997 et
1212 1936 1250 1997 de
1273 1935 1389 2014 plantis

259 2040 297 2119 (I,
317 2042 366 2101 67.
383 2042 432 2100 68.
456 2041 505 2100 73.
530 2041 586 2116 77;
608 2039 651 2118 11,
673 2040 729 2116 253
752 2039 814 2118 111,
837 2041 894 2116 503
916 2040 972 2118 IV,
995 2041 1051 2116 57;
1073 2039 1129 2116 IV,
1154 2040 1206 2118 11)
1230 2041 1305 2117 agit,
1328 2058 1391 2097 om·

259 2143 311 2203 nia
334 2150 396 2203 tam
420 2142 587 2220 diligenter
610 2141 762 2220 denteque
783 2149 909 2221 tractat,
931 2150 967 2203 nt
988 2142 1070 2203 unde
1093 2143 1195 2203 omnia
1216 2142 1293 2202 haec
1314 2142 1389 2200 hau·

259 2248 336 2306 serit
350 2246 504 2307 miremur.
534 2245 703 2306 Auctorem
717 2247 818 2307 virum
836 2266 940 2306 rerum
962 2245 1148 2305 naturalium
1169 2244 1392 2326 peritissimum

258 2346 356 2409 fuisse
387 2367 476 2408 nemo
510 2349 571 2408 erit
603 2347 657 2426 qui
689 2356 791 2426 neget.
841 2347 952 2427 Itaque
985 2348 1078 2409 facile
1111 2348 1318 2426 cogitabimus
1352 2345 1390 2406 de

258 2446 498 2511 Alexandro
536 2450 742 2530 Myndio²)‚
776 2471 866 2529 quem
899 2452 1014 2513 librum
1047 2452 1277 2513 onirocritieum
1313 2452 1389 2510 seri-

259 2554 359 2632 psisse
374 2554 410 2614 E.
428 2553 545 2634 Oderss)
561 2553 682 2615 censuit
703 2554 797 2615 nullis
820 2553 890 2619 aliis
913 2557 1104 2634 argumentis
1126 2573 1201 2616 usus
1224 2552 1285 2613 nisi
1307 2551 1389 2628 quod

259 2656 342 2736 apud
365 2656 596 2718 Artemidorum
617 2663 666 2717 ter
685 2659 726 2737 (p.
750 2659 799 2734 62,
821 2668 863 2734 ie;
886 2678 916 2736 p.
939 2659 988 2736 93,
1010 2675 1051 2734 νος
1072 2679 1103 2737 p.
1128 2658 1196 2735 157,
1219 2658 1257 2735 14)
1280 2676 1390 2716 nomen

259 2762 327 2820 eius
349 2757 487 2821 affertur.

334 2860 407 2923 'Sed
428 2862 561 2941 primum
583 2883 736 2940 nusquam
758 2863 836 2924 alias
850 2862 1063 2924 Alexandrum
1086 2866 1272 2923 somniorum
1294 2863 1389 2922 inter-

258 2958 378 3042 pretem
408 2964 506 3027 fuisse
536 2966 677 3045 legimus,
705 2986 745 3027 ne
773 2965 857 3045 apud
887 2965 1113 3027 Tertullianum
1142 2965 1275 3043 quidem,
1301 2967 1355 3041 qui
1364 2965 1389 3041 4)

260 3086 364 3128 omnes
388 3067 536 3129 clariores
559 3069 742 3130 onirocritas
765 3069 872 3129 attulit
895 3076 1019 3147 praeter
1036 3068 1275 3144 Artemidorum,
1299 3087 1389 3144 quem

251 3175 315 3230 ¹cur
336 3170 483 3231 v'omiserit
514 3191 638 3231 causam
667 3170 922 3231 verisimillimam
953 3171 1059 3232 attulit
1087 3171 1251 3247 Krauss5).
1303 3168 1390 3229 Haec

259 3280 364 3333 autem
392 3293 486 3335 causa
516 3274 549 3333 in
571 3273 785 3335 Alexandrum
814 3295 874 3335 non
905 3275 1046 3351 quadrat.
1090 3273 1212 3333 Deinde
1233 3292 1389 3350 nunquam

260 3376 299 3436 ab
333 3376 529 3437 Artemidoro
566 3380 634 3457 ipso
664 3377 844 3438 Alexander
877 3373 1079 3456 ὀνειροκρίτης
1112 3379 1297 3452 nominatur,
1330 3396 1389 3452 quo

258 3481 382 3540 nomine
411 3481 489 3540 alios
518 3484 705 3541 somniorum
727 3485 913 3558 interpretes
936 3500 1029 3559 saepe
1052 3488 1150 3539 ornat.
1195 3479 1274 3539 Tum
1296 3479 1388 3537 mira-

259 3601 328 3645 mur
358 3582 441 3658 quod
469 3582 682 3643 Alexandrum
715 3584 926 3659 quaestionem
955 3590 1119 3659 nunquam
1141 3581 1298 3643 adfinem
1320 3601 1389 3659 per-

260 3684 386 3745 duxisse
398 3685 614 3746 Artemidorus
629 3693 787 3763 memorat,
803 3686 885 3762 quod
901 3686 955 3746 alii
969 3689 1157 3764 interpretes
1172 3685 1226 3745 vix
1241 3683 1389 3760 fecerunt,

260 3788 375 3865 quippe
406 3790 459 3864 qui
484 3788 566 3851 falsa
588 3788 788 3867 pronuntiare
811 3810 904 3866 quam
925 3809 1027 3849 rerum
1049 3792 1151 3849 minus
1173 3788 1267 3867 periti
1289 3787 1390 3848 videri

262 3908 464 3916 --———..

347 3957 372 4023 1)
389 3954 424 4009 In
442 3955 532 4011 verbis
549 3955 700 4011 scribendis
716 3972 817 4027 sequor
828 3956 1009 4021 Hereherum,
1021 3956 1164 4012 Lectiones
1177 3955 1389 4018 Artemidoreae,

260 4038 314 4093 Rh.
332 4039 371 4094 M.
389 4039 489 4107 XVII,
506 4058 533 4111 p.
551 4043 610 4097 416.

345 4124 373 4193 2)
391 4125 426 4180 de
451 4143 506 4196 quo
532 4127 662 4182 disseruit
688 4128 716 4182 in
749 4128 907 4183 universum
933 4128 1104 4195 Wellmann,
1134 4127 1252 4182 Hermes
1276 4124 1389 4191 XXVI,

260 4227 287 4280 p·
304 4211 373 4360 4813)
390 4213 450 4353 ddi.
463 4299 502 4353 M.
519 4299 611 4367 XLV,
629 4318 656 4372 p.
674 4302 723 4356 637
742 4318 782 4371 eq.
908 4303 935 4371 4)
952 4301 988 4356 de
1004 4317 1048 4355 an.
1065 4299 1149 4354 XXI.

345 4386 372 4445 5)
390 4384 420 4438 in
436 4385 552 4455 praefat.
569 4386 700 4442 versionis
719 4386 812 4443 Germ.
830 4404 857 4458 p.
876 4387 945 4443 VII.
