3254 4890
688 353 902 417 ..46-

230 541 289 602 bus
322 541 498 601 statuendis
531 539 748 603 Artemidorus
781 540 955 602 Alexandri
985 541 1075 602 libris
1108 539 1174 620 περὶ
1209 536 1292 625 ζῴων
1328 549 1361 605 et

229 642 299 723 περὶ
321 645 424 718 φυτῶν
452 663 528 704 usus
550 651 607 723 est.
649 643 779 705 Librum
801 663 891 722 quem
914 642 1007 704 affert
1030 644 1122 705 tertio
1145 646 1213 705 loco
1236 645 1268 704 in
1291 649 1359 705 uni·

229 766 353 807 versum
376 747 415 806 de
437 745 564 807 somniis
586 745 685 808 fuisso
706 746 913 835 demonstrari
934 767 996 806 non
1018 757 1130 826 potest.

255 1034 294 1103 V.
339 1035 435 1126 Quae
458 1033 679 1133 Artemidori
700 1034 851 1120 vestigla
872 1036 988 1103 insint
1008 1035 1048 1103 ln
1069 1035 1177 1115 huius
1201 1037 1330 1104 aetatis
1353 1125 1360 1142 ι

518 1225 519 1228 Ν
598 1135 706 1205 libris
728 1136 987 1247 onirocritleIs.

315 1328 455 1389 Herober
476 1327 508 1387 in
531 1326 725 1406 praefatione
748 1327 893 1389 editionis
915 1350 944 1407 p.
959 1328 1043 1389 VIII
1063 1350 1102 1389 ne
1125 1330 1208 1408 apud
1234 1330 1359 1406 vulgum

231 1431 353 1509 quidem
376 1432 566 1491 Artemidori
596 1430 856 1493 existimationem
885 1431 1031 1492 stabilem
1056 1430 1153 1494 fuisse
1175 1441 1269 1510 atque
1292 1452 1359 1492 ver·

228 1537 347 1597 sionem
364 1535 579 1596 Germanicam
594 1535 677 1595 ultra
699 1518 869 1614 superioris
882 1536 1002 1596 ‘saeculi
1019 1536 1142 1601 initium
1164 1556 1226 1596 non
1248 1555 1358 1614 propa·

228 1630 335 1714 getam
356 1657 424 1699 esse
440 1638 524 1698 dicit.
557 1639 648 1698 Hanc
671 1638 844 1699 versionem
866 1659 892 1699 a.
915 1639 1039 1698 demum
1056 1636 1303 1699 1753'u1timum
1325 1640 1356 1698 in

229 1739 330 1801 lucem
345 1740 487 1821 prodisse
509 1741 569 1800 iam
585 1740 706 1801 Krauss
728 1739 825 1819 praef.
848 1761 876 1818 p.
892 1740 976 1801 VIII
991 1741 1160 1805 adnotavit.
1182 1741 1276 1820 Apud
1291 1739 1357 1800 vul·

228 1863 302 1918 gum
320 1849 423 1903 autem
437 1843 627 1904 Artemidori
643 1863 828 1923 quamquam
843 1864 954 1904 nomen
969 1844 1123 1905 oblivione
1139 1845 1285 1905 obrutum
1300 1851 1358 1923 est,

229 1949 399 2007 auotoritas
429 1948 522 2007 etiam
552 1947 643 2007 hodie
673 1946 771 2009 floret,
814 1947 894 2007 Nam
924 1967 985 2007 non
1007 1948 1107 2008 solum
1129 1948 1358 2023 adversiones,

227 2048 394 2110 sedetiam
410 2048 450 2108 ad
472 2049 568 2110 libros
590 2049 682 2109 huius
705 2050 816 2110 aetatis
840 2049 1052 2110 onirocriticos
1074 2049 1279 2127 spectandum
1301 2056 1357 2109 est.

313 2152 361 2212 Ea
393 2159 494 2212 aetate
527 2172 588 2228 qua
620 2151 809 2213 Artemidori
841 2156 987 2213 memoria
1020 2153 1060 2212 ad
1093 2152 1232 2213 homines
1265 2149 1359 2211 rediit

227 2254 303 2314 libri
335 2254 524 2315 onirocritici
556 2255 695 2315 studiose
725 2254 917 2332 legebantur.
972 2254 1135 2316 Oardanus
1171 2256 1357 2317 somniorum

228 2354 428 2434 Synesiorum
457 2354 526 2417 libr.
548 2357 595 2417 IV
625 2357 838 2434 composuit1)‚
869 2360 922 2434 qui
951 2357 1073 2418 dnobus
1104 2358 1193 2418 annis
1223 2365 1295 2439 post
1325 2361 1357 2419 in

227 2461 426 2520 vernaculam
455 2460 594 2537 linguam
627 2458 773 2521 translati
802 2459 920 2542 sunti).
963 2461 1123 2522 Achmetis
1154 2461 1228 2523 libri
1258 2461 1356 2521 oniro-

228 2561 330 2624 oritici
366 2562 498 2641 primurn
526 2544 665 2624 iohanne
695 2561 901 2642 Obsopoeo3),
932 2570 998 2623 tum
1027 2584 1089 2623 una
1119 2584 1188 2625 oum
1217 2564 1357 2624 Astram-

227 2664 339 2744 psychi
362 2672 394 2725 et
415 2662 586 2745 Nicephori
607 2665 722 2726 libellis
745 2686 763 2725 a
786 2666 962 2743 Rigaltio4)
985 2665 1061 2727 editi
1084 2675 1173 2743 sunt;
1195 2665 1356 2727 Achmetis

228 2787 305 2847 opus
321 2777 430 2845 quarto
453 2789 532 2829 anno
554 2777 628 2846 post
644 2768 676 2829 in
692 2768 907 2847 Germanicam
928 2769 1068 2846 linguam
1089 2770 1273 2830 translatum
1298 2769 1355 2828 sub

227 2871 349 2932 nomine
364 2871 564 2952 Apomasaris
586 2868 704 2950 prodiit
714 2871 747 2952 ⁵).
776 2870 966 2931 Artemidori
988 2871 1098 2949 versio,
1122 2892 1201 2948 quae
1222 2871 1355 2950 primum

228 2974 313 3035 edita
344 2983 392 3036 est
420 2996 447 3037 a.
472 2976 553 3034 1597
564 2974 596 3055 ⁶),
626 2994 719 3053 saepe
748 2974 921 3035 iterabatur
951 2980 983 3034 et
1006 2983 1180 3054 postremae
1203 2974 1355 3035 editiones
1451 3026 1454 3029 .

226 3075 316 3138 brevi
345 3078 452 3138 tabula
478 3081 650 3138 instructae
672 3081 754 3155 sunt,
777 3097 838 3154 qua
860 3076 1017 3138 samniae
1040 3078 1118 3138 caeli
1139 3077 1238 3155 signis
1260 3077 1355 3137 inter-

226 3180 343 3259 pretari
365 3181 502 3241 docetur.

314 3283 365 3343 Ab
377 3283 576 3343 Artemidoro
587 3281 720 3361 profecti
736 3290 809 3343 sunt
823 3283 908 3343 hand
918 3282 1010 3363 pauci
1021 3285 1197 3362 scriptores,
1209 3282 1262 3359 qni
1277 3302 1355 3360 quae

227 3385 282 3445 ille
296 3386 470 3465 protulerat
484 3385 644 3463 paululum
663 3392 850 3447 commutata
871 3393 903 3446 et
918 3392 1078 3446 contracta
1100 3394 1135 3445 ut
1150 3405 1207 3446 sua
1221 3405 1355 3463 pronun·

228 3490 394 3549 tiavernnt.
438 3488 575 3561 Quorum
597 3489 715 3567 primus
738 3488 999 3573 eatGualtherus
1021 3487 1060 3548 H.
1083 3486 1167 3567 Ryff,
1200 3491 1254 3565 qui
1275 3506 1354 3549 anno

229 3594 311 3650 1554
333 3592 446 3652 librum
470 3591 697 3652 onirocritioum
719 3591 831 3651 iterum
854 3590 953 3652 edidit
964 3590 994 3666 ⁷).
1032 3589 1144 3651 Omnia
1165 3588 1353 3650 Artemidori

312 3758 338 3827 1)
353 3758 438 3814 Basil.
456 3758 532 3814 1562.

310 3844 338 3913 2)
355 3843 532 3900 Traumbuch
548 3843 668 3899 Uardani
685 3843 747 3898 Bas.
766 3845 842 3900 1564.

311 3930 338 3998 3)
356 3929 418 3984 Par.
438 3931 513 3986 1599.
876 3932 904 4000 4)
922 3930 985 3985 Par.
1004 3931 1079 3986 1603.

312 4015 341 4083 5)
356 4014 534 4071 Tranmbuoh
556 4015 742 4086 Apommnm,
765 4017 824 4071 Das
850 4016 887 4071 ist
912 4016 1009 4071 lrurtze
1035 4014 1199 4086 Aualegrmg
1223 4013 1281 4069 und
1303 4013 1353 4067 Be

225 4100 350 4170 deutung
367 4099 416 4155 der
432 4102 555 4156 Trenme.
590 4102 653 4156 Bas.
672 4103 746 4158 1607.

311 4188 337 4253 6)
355 4185 463 4240 Krauss
481 4204 507 4257 p.
525 4186 612 4242 XIII.
1325 4241 1328 4245 ,

310 4273 337 4340 7)
354 4271 580 4338 Traumbiiclrlin‚
606 4273 715 4327 Darinn
741 4273 898 4345 warhalltig
923 4273 980 4328 aud
1004 4273 1187 4329 Natiirlichen
1208 4272 1353 4338 *vrsachem

224 4357 297 4412 auch
317 4356 365 4411 der
387 4357 462 4413 alten
479 4357 668 4430 Philosophen
684 4358 741 4413 vnd
760 4359 930 4430 Weissagern
952 4359 1001 4416 der
1018 4348 1145 4431 Heyden,
1168 4358 1352 4430 langwirigem
