3254 4890
721 363 932 431 ...27-

259 553 352 612 batur
381 572 451 612 eum
481 552 519 611 de
548 550 802 613 incubationibus
826 550 943 628 aliquid
966 548 1152 609 exhibuisse.
1198 547 1266 619 Qua
1288 557 1394 611 aetate

255 654 406 730 floruerit,
429 673 489 715 non
511 660 648 729 constat3
671 673 742 712 nam
766 654 849 731 quod
866 651 949 713 Oder
972 650 1133 712 contendit
1147 651 1268 711 Phoebi
1290 652 1394 713 locum

258 758 293 816 H
327 758 379 833 91)
423 756 619 817 Artemidoro
664 775 720 835 per
756 756 968 817 Alexandrum
1006 754 1168 831 Myndium
1212 754 1395 832 innotuisse,

258 880 343 919 mera
383 863 559 920 coniectura
597 860 690 934 θεσῖ).
748 860 860 921 Exstat
898 864 1001 918 autem
1037 861 1070 916 in
1107 856 1206 935 prima
1242 856 1395 918 Aristidis

261 962 399 1021 oratione
428 981 518 1027 saera
547 960 643 1038 locus,
675 961 728 1038 qui
751 960 859 1023 dubito
883 981 921 1020 an
945 960 1089 1020 adhunc
1112 959 1270 1018 Phoebum
1292 964 1394 1039 raspi-

260 1064 370 1143 ciat³):
402 1061 471 1143 ιιερὶ
501 1059 531 1123 δὲ
557 1062 714 1140 βαλανείου
737 1059 837 1124 τοιάδε
860 1061 956 1135 ἔδοξα.
1002 1057 1196 1140 πρῶτονμὲν
1220 1054 1393 1138 ω’ςμειαξῦ

261 1159 495 1246 ἆνατριβόμινσς
525 1163 667 1226 εἰσελθεῖν
694 1165 735 1236 εἴς
764 1190 790 1226 τι
822 1166 977 1244 βαλανεῖον
1004 1167 1064 1226 τῶν
1087 1162 1260 1225 ἰδιωτικῶν·
1293 1162 1394 1225 ἔπειτα

260 1264 353 1349 φάναι
399 1262 439 1338 αἱς
476 1265 588 1328 ἔλαθον
626 1260 754 1342 ἐμαυτὸν
792 1259 951 1339 εἰσελθών,
997 1259 1132 1326 ἄλούιων
1168 1257 1287 1342 ἡμερῶν
1323 1259 1390 1345 ἤδη.

260 1369 361 1433 ἔπειτα
384 1366 480 1430 ἐδόκει
502 1358 553 1447 μοι
574 1363 821 1447 παραθαρρύνειν
846 1368 962 1445 Φοῖβος
985 1362 1100 1446 παρών,
1125 1361 1271 1427 ὥστεκαὶ
1294 1367 1336 1440 εἰς
1358 1365 1394 1432 τὸ

259 1452 341 1555 ἕν’ὂρνρ
365 1471 530 1550 εἰσέβαινον
553 1464 734 1540 ἀνυπόπτως
756 1464 824 1548 ἤδη.
843 1542 846 1549 μ
862 1470 938 1544 Quis
962 1479 1010 1530 est
1031 1471 1083 1530 hio
1105 1470 1273 1530 Phoebus?
1296 1473 1395 1551 Apol-

259 1577 354 1636 linem
384 1596 452 1637 esse
482 1595 543 1649 non
567 1581 618 1636 est
641 1595 696 1634 cur
717 1581 890 1658 putemus,v
909 1594 980 1632 nam
1002 1573 1061 1633 hoc
1085 1593 1155 1633 cum
1178 1574 1235 1634 deo
1258 1575 1393 1653 Aristidi

259 1698 309 1741 ras
332 1698 393 1738 non
417 1686 473 1757 est,
489 1678 549 1761 nisi
573 1681 601 1737 ei
624 1697 747 1739 carmen
770 1676 897 1754 aliquod
920 1680 1084 1754 componit,
1099 1683 1135 1736 ut
1150 1696 1227 1736 sacr.
1244 1698 1286 1737 or.
1301 1677 1392 1757 ΠΗ).

260 1781 393 1842 Accedit
409 1782 491 1858 quod
515 1781 642 1841 deorum
663 1779 787 1840 nomina
809 1780 849 1865 ab
865 1779 1004 1841 Aristide
1025 1779 1207 1857 plerumque
1228 1801 1296 1839 cum
1320 1783 1394 1860 arti-

260 1884 329 1944 culo
346 1884 583 1961 coniunguntur.
615 1883 730 1943 Contra
748 1883 807 1942 hoc
829 1881 1027 1953 manifestum
1050 1890 1102 1943 est<
1120 1882 1274 1958 quendam
1295 1884 1392 1960 signi-

260 1985 355 2064 ficari,
389 1985 442 2063 qui
474 1985 592 2046 somnia
622 1984 850 2063 interpretandi
865 1980 999 2062 ¹peritus
1031 1984 1147 2061 erat⁵);
1181 2005 1251 2044 nam
1280 1989 1307 2045 is
1339 1987 1392 2063 qui

261 2108 331 2147 eum
345 2108 379 2148 se
394 2088 500 2148 lavare
515 2090 603 2148 iubet
624 2087 777 2148 somnium
800 2088 986 2148 antecedens
1009 2087 1132 2165 inipso
1155 2091 1273 2148 somnio
1296 2088 1390 2149 inter·
1475 2098 1476 2102 ’

259 2199 409 2269 pretatur.
441 2191 553 2268 Itaque
575 2204 682 2269 putem
704 2189 865 2250 Phoebum
888 2190 1047 2266 aequalem
1070 2189 1136 2250 iere
1159 2189 1258 2271 fuisse
1269 2192 1394 2270 ⁴Aristi-

260 2292 308 2353 dis
339 2298 370 2353 et
391 2292 589 2369 Artemidori,
620 2293 703 2381 quod
734 2292 797 2351 iam
818 2292 891 2352 inde
915 2293 1057 2371 veritatis
1080 2293 1234 2369 quandam
1257 2297 1395 2371 speciem

258 2376 333 2473 prae
363 2416 397 2456 se
427 2395 497 2471 fert,
527 2395 611 2472 quod
641 2395 724 2474 apud
745 2377 976 2455 Artemidorum
1001 2402 1126 2475 quater,
1151 2396 1275 2475 saepius
1298 2417 1390 2473 quam

258 2498 340 2558 ullus
364 2498 444 2559 alius
466 2502 654 2559 somniorum
676 2500 839 2576 interpres,
862 2498 1047 2584 nominatur.

345 2602 528 2680 Temporum
561 2602 635 2662 ordo
665 2607 779 2679 monet,
810 2609 844 2660 ut
870 2600 921 2661 hio
944 2601 982 2661 de
1005 2600 1150 2663 titulis
1174 2592 1393 2662 Caesarum

260 2711 396 2773 aetate
425 2703 589 2777 incisis,
609 2704 704 2765 verba
736 2702 856 2763 faciam.
908 2703 970 2764 Sed
1000 2703 1038 2763 de
1070 2703 1298 2779 eis'Zacherss)
1328 2694 1393 2764 tam

261 2816 467 2831 ὴλ-

294 2948 298 2958 ,
347 2907 372 2971 1,)
391 2920 417 2973 p.
436 2905 478 2970 93,
498 2918 538 2958 aa.
649 2956 653 2967 ,

345 2989 372 3056 2)
390 2988 446 3043 Rh.
471 2989 511 3043 M.
536 2988 628 3054 XLV,
652 3006 679 3058 p.
702 2991 761 3045 638.
793 2989 922 3057 ‚Dubius
946 2988 1021 3045 Oder
1047 3006 1117 3061 quae
1142 2989 1298 3044 interfuerit
1321 2991 1395 3052 ratio

259 3073 331 3129 inter
348 3074 525 3129 Artemonem
549 3079 578 3129 et
595 3073 747 3142 Phoebum,
774 3076 821 3146 qui
838 3093 895 3129 una
922 3075 1078 3129 afferuntur
1095 3076 1156 3130 Art.
1173 3076 1189 3129 1
1207 3076 1278 3147 2¹(p.
1297 3078 1321 3142 5,
1343 3080 1393 3148 ra).

260 3158 448 3214 Manifestum
465 3165 506 3214 est
530 3164 579 3213 aut
601 3154 706 3215 Phoebi
730 3177 800 3230 opus
825 3166 923 3215 notum
947 3159 1032 3214 tuisse
1049 3160 1223 3215 Artemidoro
1246 3166 1295 3215 aut
1317 3162 1395 3223 hunc

259 3245 351 3300 locum
373 3263 423 3317 per
439 3246 618 3300 Artemonem
640 3244 773 3299 traditum
798 3263 862 3301 esse.
899 3245 928 3301 si
953 3244 1022 3299 illud
1045 3244 1132 3301 tuisse
1153 3251 1292 3316 putamus,
1310 3247 1393 3319 etiam

260 3332 314 3386 alio
337 3331 398 3387 loco
415 3331 607 3386 Artemidorus
625 3330 730 3386 Phoebi
754 3332 841 3402 ipsius
864 3348 945 3402 opere
970 3330 1010 3385 uti
1036 3332 1145 3402 potuit,-
1157 3347 1247 3401 neque
1264 3348 1333 3399 opus
1352 3338 1393 3389 est

261 3415 344 3471 Oderi
361 3417 530 3483 coniectura;
554 3417 596 3471 sin
614 3416 675 3482 hoe,
694 3416 798 3472 Phoebi
816 3417 869 3472 loci
886 3422 913 3471 et
930 3414 979 3487 per
995 3416 1186 3472 Alexandrum
1203 3422 1230 3472 et
1247 3434 1295 3487 per
1314 3419 1395 3475 Arte·

260 3515 370 3555 monem
395 3502 424 3555 in
447 3502 615 3557 Artemidori
635 3502 723 3557 'libros
748 3502 818 3555 illati
842 3506 916 3564 sunt,
935 3501 1016 3571 ¹<auius
1040 3502 1207 3557 simillimam
1230 3503 1393 3567 sententiam

262 3584 336 3640 Oder
358 3587 416 3656 ipse
439 3586 628 3657 indignatione
651 3587 770 3658 quadam
794 3587 878 3641 reicit·
913 3586 1027 3641 Accedit
1045 3586 1119 3656 quod
1138 3587 1265 3642 Phoebus
1283 3587 1395 3642 duobus

260 3669 327 3725 locis
346 3671 421 3725 solus
438 3672 562 3728 affertur.
589 3673 688 3744 Itaque
704 3690 759 3728 non
778 3678 820 3727 est
836 3674 1033 3744 eur'negemuss
1049 3672 1155 3729 Phoebi
1172 3663 1254 3728 locos‘
1264 3672 1299 3727 ab
1311 3673 1395 3728 Arte·

261 3755 368 3810 midoro
385 3758 446 3826 ipso
464 3774 498 3811 ex
515 3758 588 3812 illius
606 3775 687 3831 opere
704 3758 864 3829 desumptas
881 3775 948 3813 esse.
974 3756 1084 3812 Addam
1101 3757 1224 3814 Oderum
1242 3775 1290 3829 per
1307 3763 1394 3813 totam

261 3857 341 3896 suam
353 3840 387 3896 de
399 3842 566 3898 Artemidori
579 3844 704 3899 fontibus
718 3845 923 3914 inquisitionem
940 3844 993 3899 hoe
1011 3844 1080 3898 miro
1098 3861 1195 3913 genere
1212 3843 1393 3900 concludendi

260 3928 312 3993 uti,
329 3944 496 3999 quamquam
510 3929 699 3985 Artemidorus
717 3931 822 4001 ipsese
839 3931 993 3984 maximum
1009 3929 1143 3984 librorum
1160 3946 1305 3984 numerum
1324 3929 1394 3984 hene

260 4012 369 4068 novisse
387 4016 504 4068 testatur
521 4013 546 4083 (Ι
564 4014 631 4081 Pr),
649 4032 705 4086 qua
722 4015 756 4070 de
773 4032 802 4071 re
819 4033 869 4070 cur
887 4014 1070 4079 dubitandum
1081 4016 1125 4079 „sit
1142 4016 1224 4086 plane
1235 4017 1338 4077 ‚neseio

297 4110 300 4113 ’
346 4099 373 4168 3)
391 4097 433 4154 ed.
451 4099 572 4154 Dindori
589 4118 616 4170 p.
634 4102 693 4156 449.
908 4103 935 4169 4)
953 4102 1047 4171 ρ.,511
1067 4119 1107 4172 sq.

346 4187 372 4255 5)
391 4184 459 4239 Post
476 4185 541 4240 deos
559 4202 653 4241 omnes
671 4194 747 4243 vates
765 4189 836 4242 inter
853 4186 912 4247 τοὺς
931 4183 1091 4251 ἀξιοπίστους
1110 4189 1259 4256 λεγομένους
1276 4182 1393 4258 putandi

260 4279 333 4338 sunt,
351 4290 378 4342 p.
398 4273 456 4340 161,
477 4289 516 4328 ra.

346 4358 373 4421 6)
390 4357 409 4413 l.
427 4375 452 4413 a.
470 4375 497 4429 p.
514 4357 565 4411 472
584 4376 625 4428 sq.
