3254 4890
721 373 934 438 ..38-

265 554 372 641 daipow
403 554 549 639 σωμάτων
576 559 630 622 καὶ
654 558 769 633 πένθος
790 559 842 622 καὶ
863 555 962 638 λύπην
983 555 1119 641 μεγάλην.
1164 556 1226 622 dud
1249 556 1395 622 τοιούτων

264 658 321 743 yolo
343 666 447 724 κακῶν
464 658 521 740 τὴν
544 655 628 743 ὄρνιν
650 658 760 740 ταύτην
782 660 869 744 λόγος
891 662 949 742 ἔχει
970 662 1119 743 γενέσθαι,
1165 662 1239 741 φησὶ
1263 658 1319 745 yolo
1343 661 1395 724 aui

264 762 454 842 Ἀλέξανδρος
471 760 490 826 o‘
505 761 647 837 Μύνδιος
665 766 727 827 δεῖν
744 771 813 837 ταῖς
831 765 975 845 ἱστορίαις
989 767 1151 827 πείθεσθαι
1168 765 1218 826 καὶ
1236 762 1396 837 Διονύσιος

267 862 538 946 ὅἫλιοαπολίτης.
572 871 642 931 Non
660 876 708 930 est
726 890 782 931 cur
803 870 887 930 hunc
908 871 1009 930 locum
1033 869 1073 929 ad
1095 870 1208 931 librum
1224 866 1396 930 Alexandri

266 972 497 1035 onirocritioum
518 971 697 1050 referamus,
720 975 747 1033 si
766 973 958 1034 Wellmanni
978 973 1127 1033 iudicium
1150 994 1245 1052 supra
1266 973 1396 1033 allatum

265 1076 448 1154 respicimus
458 1075 489 1151 1).
519 1075 697 1136 Alexander
718 1096 780 1136 non
804 1077 842 1137 de
857 1076 1022 1136 hirundine
1044 1076 1076 1135 in
1099 1078 1218 1137 somnio
1240 1075 1317 1153 visa,
1340 1075 1396 1136 sed

268 1179 306 1239 de
328 1177 503 1239 hirundinis
526 1177 752 1255 significatione
775 1181 807 1238 in
833 1179 1012 1240 universum
1042 1179 1227 1240 disseruisse
1258 1178 1397 1254 videtur3

266 1280 306 1344 of.
318 1281 386 1342 Ael.
401 1290 464 1342 nat.
480 1281 553 1347 hist.
563 1281 604 1357 X,
615 1283 665 1341 34.
687 1281 902 1342 Artemidorus
917 1282 1016 1359 legem
1030 1281 1104 1361 Gap.
1114 1282 1155 1358 11,
1165 1283 1216 1360 §5
1232 1288 1397 1342 tractatam

267 1392 394 1446 secutus
409 1403 446 1444 ea
469 1384 508 1445 ad
530 1384 649 1444 somnia
670 1384 907 1463 interpretanda
928 1385 1100 1445 transtulit.
1135 1384 1190 1444 Sin
1212 1392 1316 1444 autem
1338 1384 1399 1444 hoc

269 1486 466 1548 concedimus
488 1486 550 1547 iam
571 1506 634 1547 non
657 1507 784 1548 neeesse
807 1494 857 1548 est
878 1495 989 1566 putare
1004 1487 1187 1565 Dionysium
1211 1491 1398 1547 somniorum

269 1591 469 1668 interpretem
498 1588 605 1668 fuisse,
635 1588 674 1650 de
697 1610 757 1667 quo
781 1591 859 1650 nihil
881 1600 988 1651 notum
1012 1599 1067 1652 est.
1111 1591 1191 1651 Nam
1213 1587 1321 1665 Wolff,
1346 1592 1399 1666 qui

269 1691 374 1753 verbis
396 1692 430 1752 in
445 1687 606 1759 Διονύσιος
621 1681 640 1749 n‘
653 1682 763 1750 Ἠλίου
786 1685 944 1768 προφήτης
966 1693 1094 1752 mutatis
1116 1692 1199 1751 hunc
1213 1690 1400 1769 Dionysium

270 1794 401 1856 eundem
424 1813 493 1855 esse
515 1793 584 1854 vult
607 1813 644 1853 ac
665 1792 849 1871 Dionysium
864 1795 1000 1855 Musunii
1015 1793 1121 1875 filium,
1140 1794 1257 1855 nemini
1272 1814 1399 1873 persua-

270 1897 313 1958 sit
323 1899 356 1976 2).
393 1896 606 1957 Alexandrum
622 1916 657 1956 eo
680 1896 747 1956 loco
771 1917 862 1974 quem
878 1898 1028 1957 Aelianus
1050 1907 1177 1958 secutus
1200 1906 1248 1958 est
1270 1897 1400 1958 eandem

270 1999 336 2061 fere
351 1998 607 2077 significationem
625 1999 801 2060 hirundinis
818 2020 887 2062 esse
902 2001 1086 2079 ostendisse,-
1099 2020 1283 2078 quamquam
1299 2019 1399 2061 exem·

269 2103 323 2181 pla
335 2103 393 2164 hoc
403 2122 460 2180 per
470 2121 504 2162 se
515 2121 576 2162 non
588 2102 732 2180 probant,
748 2102 978 2164 demonstratur
993 2104 1139 2164 extremis
1154 2103 1267 2181 capitis
1278 2103 1401 2163 verbis:

270 2201 437 2282 teuderedi
459 2196 620 2282 rixclrdoio
640 2207 726 2275 θεοῖς
748 2205 865 2283 μνχίοις
886 2203 938 2264 καὶ
959 2198 1132 2289 Ἀφροδίτῃ,
1155 2206 1278 2288 μνχίᾳθ)
1300 2203 1403 2281 μέντοι

360 2408 385 2477 1)
404 2406 439 2460 ci.
457 2405 540 2460 etiam
557 2423 627 2476 quas
648 2406 803 2461 Wellmann
821 2407 935 2477 exponit
952 2425 978 2479 p.
996 2408 1047 2462 489
1065 2425 1106 2478 sq.

358 2492 386 2560 2)
403 2491 509 2563 Porph
526 2491 561 2547 de
584 2508 623 2546 or.
647 2510 674 2563 p.
692 2493 733 2548 el.
769 2491 869 2548 Suidas
887 2510 908 2548 s.
927 2510 953 2548 v.
988 2493 1093 2548 Contra
1110 2492 1186 2549 Oder
1208 2493 1236 2547 in
1256 2491 1404 2558 Susemihl,

273 2580 341 2634 Litt.
353 2577 380 2633 d.
393 2578 473 2632 Alex.
487 2595 514 2649 p.
527 2578 587 2633 871.
600 2610 634 2619 -
648 2578 743 2633 Liceat
755 2579 823 2633 mihi
836 2595 926 2634 meam
943 2578 978 2634 de
993 2579 1046 2635 hoc
1064 2580 1201 2649 Dionysio
1218 2579 1404 2634 coniecturam

273 2663 401 2736 proferre
436 2663 555 2718 Videtur
577 2664 646 2719 mihi
667 2669 717 2719 aut
734 2666 851 2736 scriptor
867 2682 959 2720 rerum
975 2666 1070 2731 fiisse,
1092 2666 1140 2735 qui
1159 2682 1245 2719 unum
1263 2664 1320 2719 sive
1337 2664 1404 2718 alte·

273 2767 337 2805 rum
360 2750 516 2821 exemplum
533 2749 694 2805 Alexandro
710 2750 845 2821 praebuit,
863 2758 912 2806 aut
928 2751 1011 2806 homo
1029 2751 1076 2822 qui
1093 2752 1123 2805 in
1139 2750 1292 2825 Alexandri
1309 2765 1405 2803 narra-

274 2837 349 2890 tione
372 2843 465 2906 partes
492 2835 625 2906 quasdu'm
651 2836 761 2891 maioris
788 2836 919 2892 momenti
945 2837 1014 2907 egit:
1041 2842 1136 2891 utrum
1162 2851 1257 2891 verum
1286 2836 1331 2901 sit,
1357 2833 1405 2888 vix

275 2922 376 2992 poterit
391 2920 585 2977 demonstrari:
615 2922 717 2992 Aspice
732 2938 834 2993 quaeso
851 2922 958 2977 Aeliani
976 2922 1127 2977 secundum
1144 2921 1309 2992 exemplum,
1330 2918 1406 2990 quod

275 3013 317 3062 est
340 3007 376 3062 de
400 3007 546 3063 Antiocho.
579 3008 674 3063 Verba
697 3007 787 3063 ἑαυτὸν
813 3009 880 3064 aurai
907 3028 974 3069 τινος
1000 3010 1067 3063 ἔωσι
1093 3010 1207 3075 κρημνοῦ
1234 3006 1270 3062 ad
1295 3006 1406 3061 nullum

275 3093 445 3148 Antiochum
468 3092 563 3147 reterri
589 3099 713 3164 possunt
748 3093 847 3165 Itaque
871 3094 924 3150 hoc
949 3094 1093 3148 mittamus
1119 3098 1146 3148 et
1171 3093 1293 3149 contenti
1319 3092 1406 3146 simus

276 3184 396 3234 statuere
413 3194 566 3233 sermonem
584 3195 642 3233 esse
660 3178 694 3233 de
709 3178 849 3234 Antiocho
866 3178 985 3250 quodam
1003 3197 1072 3250 rege,
1090 3180 1137 3249 qui
1156 3196 1189 3233 ex
1207 3177 1300 3234 Media
1317 3193 1405 3232 rever-

274 3271 336 3321 tens
362 3269 480 3320 mortem
505 3264 598 3317 minus
624 3263 755 3318 usitatam
782 3263 858 3331 obiit,
887 3263 960 3334 quod
987 3270 1083 3319 contra
1108 3264 1150 3318 las
1176 3263 1281 3335 aliquid
1308 3268 1407 3334 egerat.

277 3351 356 3406 Haec
383 3349 486 3421 optime
511 3348 648 3419 quadrant
673 3350 703 3404 in
729 3349 898 3404 Antiochum
924 3349 976 3404 IV.
1003 3349 1176 3419 Euergetem‚
1202 3351 1250 3425 qui
1275 3366 1293 3404 e
1316 3347 1408 3403 Media

277 3441 414 3492 revertens
436 3434 519 3490 Tahis
542 3436 685 3506 repentina
707 3442 799 3507 morte·
819 3436 877 3491 vita
902 3440 1011 3506 ereptus
1036 3440 1086 3501 est,
1112 3435 1195 3507 quod,
1221 3441 1254 3490 ut
1274 3433 1408 3503 Polybius

277 3522 391 3589 XXXI,
406 3524 437 3576 11
450 3526 553 3587 narrat,
565 3520 700 3592 templum
713 3521 742 3574 in
754 3520 899 3592 Elymaide
910 3522 1004 3587 situm,
1021 3527 1054 3575 ut
1065 3520 1200 3592 Iosephus
1213 3526 1270 3577 ant
1281 3519 1344 3576 XII
1356 3520 1405 3586 9,1

208 3615 210 3619 ’
279 3608 413 3680 templum
435 3606 553 3663 Iehovae
575 3606 739 3676 diripuerat3
763 3606 797 3662 de
819 3613 908 3662 morte
932 3607 990 3663 eius
1011 3621 1133 3661 rumores
1151 3607 1219 3662 varii
1236 3605 1409 3661 circumfere-

278 3693 394 3760 bantur3
421 3693 457 3749 ci.
481 3693 623 3759 Schuerer‚
650 3692 750 3748 Gesch.
777 3692 804 3748 d.
825 3693 883 3760 jod.
907 3692 1011 3748 Volkes
1033 3693 1057 3760 Ι,
1081 3711 1107 3763 p.
1132 3693 1196 3759 165;
1232 3689 1409 3757 Gutschmid,

279 3778 378 3835 Gesch
395 3778 485 3844 Irans,
503 3796 529 3850 p.
547 3780 589 3834 40.
619 3778 775 3833 Antiochus
792 3784 884 3834 autem
902 3777 1114 3832 familiarissime
1130 3795 1197 3832 usus
1215 3783 1257 3832 est
1273 3775 1409 3846 Dionysio

279 3866 415 3935 quodam,
441 3864 489 3935 qni
515 3865 589 3935 regis
611 3862 855 3931 ἐπιστολιαγραφεῦς
880 3862 915 3917 ab
940 3862 1083 3918 Athenaeo
1110 3863 1145 3929 V,
1169 3864 1218 3919 195
1242 3863 1262 3919 b
1287 3869 1409 3918 vocatur.

280 3950 480 4021 Heliopolitam
506 3950 592 4004 fuisse
622 3949 724 4020 Syrum
750 3950 861 4004 natione
884 3949 965 4005 facile
986 3949 1094 4004 credere
1116 3965 1272 4020 possumus.
1314 3946 1410 4002 Huius

279 4053 379 4091 nomen
393 4053 427 4090 ex
440 4037 526 4091 altera
539 4052 622 4090 causa
634 4053 719 4107 supra
731 4035 815 4090 allata
827 4037 856 4089 in
867 4034 1019 4090 Alexandri
1031 4035 1215 4090 narrationem
1233 4035 1342 4090 illatum
1361 4037 1410 4087 est.

366 4124 392 4192 3)
408 4122 557 4193 Inscriptio
570 4121 658 4191 Gyari
670 4129 778 4194 reperta
791 4121 873 4192 (Bull.
885 4120 920 4177 de
931 4138 1048 4192 corresp.
1060 4121 1158 4176 hellen.
1171 4121 1186 4175 I
1197 4121 1284 4191 (1877)
1294 4137 1321 4191 p.
1333 4119 1410 4189 387):

693 4198 999 4278 [a'‹l>]P0uE1TH1

728 4293 921 4363 [Μ]ΥΧΙΔΙ

367 4374 520 4448 Ἀφροδίτην
539 4382 630 4452 unxiae
652 4380 822 4436 nominatam
844 4397 903 4435 esse
927 4379 1001 4451 quod
1024 4379 1213 4447 reuocaretur
1231 4394 1306 4433 sacer
1324 4380 1412 4432 sit—
