3254 4890
688 330 879 393 -2-

216 533 298 595 sunt,
320 517 381 576 iam
400 516 470 577 ideo
488 516 570 594 quod
586 537 636 577 res
651 536 750 576 novae
772 516 917 576 inventae
940 524 1022 594 sunt,
1045 537 1122 593 quas
1143 517 1192 577 illi
1214 515 1351 577 nondum

216 629 367 681 noverant
378 621 411 699 1).
466 618 551 691 Quas
588 619 798 679 adhibuerunt
834 619 1059 698 interpretandi
1093 621 1230 679 rationes
1262 627 1352 679 erant

216 723 381 802 simplices,
398 721 480 800 quod
497 722 628 782 maxime
645 721 843 798 eognoseitur
856 723 890 781 in
906 742 941 782 ea
956 732 1045 801 parte
1061 743 1122 799 qua
1133 722 1350 782 Artemidorus

217 827 256 887 de
272 825 456 886 animalibus
477 824 557 902 agit3
581 845 619 884 ex
635 825 737 885 colore
748 827 771 902 2)
787 824 853 885 sive
873 845 912 884 ex
934 846 967 885 re
990 825 1132 885 omnibus
1154 824 1318 884 notissima
1327 826 1350 899 ³)

218 928 363 989 animalia
399 948 456 1006 per
492 927 642 988 somnium
680 927 748 988 visa
785 928 860 1004 quid
897 928 1109 1007 significarent
1145 929 1350 1007 exponebant.

217 1030 452 1110 Simplicissima
477 1030 554 1091 haee
577 1051 698 1107 quoque
720 1030 937 1109 interpretatio
960 1039 1016 1109 est,
1046 1053 1107 1108 qua
1129 1031 1239 1091 mulier
1262 1029 1350 1091 euius
1413 1024 1419 1034 ’

217 1134 329 1194 eoniux
351 1136 441 1208 vivit,
463 1133 497 1197 ¹si
523 1133 614 1193 alteri
636 1133 835 1194 nubere2'sibi
857 1134 991 1210 uidetur,
1014 1137 1177 1211 coniugem
1199 1134 1350 1194 amissura

217 1256 285 1296 esse
309 1236 489 1313 ereditur4).
526 1236 695 1296 Proverbia
717 1245 750 1296 et
773 1237 963 1297 elocutiones
986 1245 1148 1316 poetarum
1170 1235 1257 1314 vulgi
1278 1256 1348 1314 pro-

216 1339 334 1399 verbiis
350 1339 467 1398 similes
484 1338 522 1398 ad
538 1341 807 1417 interpretandum
822 1339 1040 1418 adhibuerunt,
1052 1340 1147 1418 velut,
1158 1348 1194 1400 ut
1208 1340 1348 1417 exemplo

217 1450 296 1520 utar,
326 1461 435 1502 manus
467 1441 576 1501 dextra
606 1462 674 1502 eum
707 1442 870 1521 signifieat,
898 1447 952 1520 qui
972 1436 1062 1515 ’δεξιοὶ
1083 1441 1146 1521 χεὶρ
1169 1444 1223 1501 τοῦ
1245 1433 1349 1510 drivog’

217 1543 332 1603 dieitur
341 1544 373 1619 5).
388 1545 491 1604 Etiam
504 1553 608 1623 etyma
623 1553 839 1624 respexerunt:
852 1545 890 1606 ef.
902 1540 1039 1624 πρόβατα
1049 1582 1086 1621 ε
1097 1541 1348 1624 προβιβασμόςθ),

218 1642 350 1722 κάμηλος
368 1683 405 1690 -
422 1647 580 1724 κάμμηρος
591 1648 623 1728 l).
647 1648 772 1722 Oertam
787 1647 938 1709 rationem
957 1648 1184 1728 interpretandi
1205 1648 1349 1707 institue·

217 1756 289 1809 runt
319 1750 512 1826 singulorum
541 1751 746 1810 membrorum
776 1750 1019 1828 signifieationes
1049 1762 1217 1831 ponentes:
1248 1759 1350 1812 exstat

217 1851 300 1929 apud
322 1853 553 1913 Artemidorum
575 1848 688 1912 παλαιοὶ
711 1853 860 1931 διαίρεσις,
887 1854 962 1931 quid
984 1854 1161 1932 significent
1184 1854 1295 1914 dextra
1317 1863 1349 1914 et

216 1956 344 2015 sinistra
374 1976 482 2015 manus
493 1954 527 2034 ⁸).
566 1954 697 2015 Omnino
721 1955 862 2016 diversas
884 1977 986 2017 rerum
1009 1965 1113 2035 partes
1136 1958 1258 2017 diverse
1281 1977 1349 2017 esse

215 2046 469 2138 interpretandas*
498 2059 670 2118 docuerunt
679 2057 724 2139 ⁹).*
764 2059 832 2118 Iam
865 2053 1149 2139 ἅναγραμματισμός
1180 2063 1225 2120 eis
1257 2067 1350 2120 notus

216 2170 291 2237 erat,
315 2162 353 2220 de
370 2182 430 2238 quo
446 2161 700 2221 Aristander
722 2161 1033 2240 Telmissensis‚
1056 2163 1227 2222 Alexandri
1242 2163 1349 2239 Magni

216 2264 354 2340 aequalis
364 2264 412 2344 10),
440 2263 541 2324 fusius
571 2267 637 2341 egit
648 2263 703 2344 11),
734 2285 813 2341 quae
842 2286 892 2326 res
923 2266 963 2325 ad
990 2271 1131 2344 tempora
1153 2265 1348 2341 antiquorum

217 2366 393 2426 definienda
423 2366 534 2426 summi
564 2374 612 2426 est
641 2371 796 2429 momenti.
839 2368 873 2428 Is
903 2368 997 2428 etiam
1027 2369 1231 2428 membrorum
1254 2366 1349 2444 signi-

216 2467 413 2529 ficationibus
444 2468 589 2528 eruendis
619 2488 745 2546 operam
772 2474 914 2547 navavit;
944 2491 1015 2530 nam
1037 2469 1252 2530 Artemidorus
1279 2489 1348 2528 eum

217 2570 455 2648 diligentissime
471 2570 510 2634 de
525 2571 679 2631 ‚dentibus
696 2575 798 2648 egisse
813 2581 919 2632 narrat
929 2572 974 2648 ¹²).
1012 2573 1060 2631 Ex
1082 2572 1204 2632 nomine
1226 2571 1272 2631 rei
1294 2592 1349 2649 per

217 2678 369 2733 somnium
398 2673 483 2734 visae
506 2673 659 2734 somnium
688 2677 911 2752 interpretatus
934 2685 992 2753 est,
1015 2696 1085 2736 eum
1107 2669 1245 2747 Σάτυρος
1266 2674 1349 2735 idem

216 2795 285 2835 esse
301 2797 337 2837 ae
353 2769 390 2834 ori
407 2774 504 2855 Τύρος
518 2777 697 2836 Alexandro
713 2778 857 2855 exposuit
866 2779 920 2856 13);
937 2798 1081 2854 quaeres
1098 2778 1137 2838 ad
1153 2778 1349 2854 antiquorum

215 2878 443 2956 interpretandi
466 2899 580 2939 morem
604 2879 719 2957 optime
742 2879 904 2956 quadrant.
924 2917 967 2925 —
982 2881 1168 2958 Aristandri,
1191 2885 1245 2957 qui
1267 2881 1350 2958 apud

215 2984 403 3058 posteriores
440 3002 553 3058 magna
583 2986 768 3042 auctoritate
806 2982 968 3061 1101111114),
1005 2985 1119 3044 librum
1151 2983 1347 3042 Artemidoro

229 3261 232 3267 .
302 3218 328 3284 1)
346 3233 373 3287 p.
391 3218 434 3283 61,
454 3234 476 3271 a.
866 3220 892 3286 2)
910 3236 937 3288 p.
957 3219 1015 3283 100,
1034 3236 1057 3272 a.

269 3314 274 3322 ·
301 3303 328 3369 3)
347 3319 374 3373 p.
393 3304 451 3369 111,
472 3320 511 3356 11.
866 3306 892 3373 4)
910 3321 937 3374 p.
957 3304 1015 3370 156,
1035 3320 1074 3357 ar.

301 3386 328 3456 5)
344 3405 371 3459 p.
389 3389 432 3455 40,
452 3405 497 3453 11;
516 3389 552 3442 ef.
571 3389 630 3455 153,
649 3406 676 3454 ⁵3
695 3390 738 3455 34,
758 3406 805 3456 ae;
823 3389 866 3456 89,
886 3407 915 3456 s;
934 3389 993 3454 170,
1013 3406 1053 3444 11.

302 3473 328 3542 6)
346 3490 373 3543 p.
392 3475 451 3540 100,
471 3490 494 3528 s.
712 3477 739 3541 1)
756 3493 783 3545 p.
803 3477 844 3541 11,
864 3492 904 3530 at.
1121 3476 1148 3544 8)
1165 3494 1193 3545 p.
1211 3475 1254 3541 40,
1274 3492 1296 3530 a.

301 3559 328 3622 9)
344 3557 380 3612 Ι11
396 3559 461 3614 feeit
478 3559 612 3629 Panyasis
629 3577 656 3630 p.
674 3560 759 3627 59,’11.
795 3560 838 3615 De
854 3559 1009 3630 Panyaside
1026 3561 1061 3615 ef.
1080 3578 1107 3630 p.
1126 3561 1184 3628 132,
1205 3579 1245 3615 11.

286 3644 329 3712 10)
347 3662 374 3715 p.
392 3644 452 3712 217,
471 3647 512 3699 15.
547 3636 632 3700 Nunc
649 3646 831 3701 conferendus
849 3651 890 3702 est
908 3646 1152 3716 Pauly-Wissowa.

286 3733 328 3798 11)
345 3747 372 3801 p.
390 3729 450 3796 216,
470 3748 515 3797 143
538 3730 598 3786 eod.
616 3731 645 3785 V
667 3730 777 3786 exhibet
794 3730 961 3803 Ἀρίσταρχος
983 3733 1082 3799 καίπερ,
1105 3732 1153 3787 sed
1170 3738 1244 3788 reete
1261 3733 1352 3788 Wolff

216 3814 361 3885 (Porphyr.
375 3815 410 3869 de
423 3814 521 3887 philos.
535 3834 570 3871 ex
583 3833 657 3872 orae.
668 3816 747 3871 haur.
759 3835 785 3889 p.
798 3819 842 3887 61)
856 3835 983 3873 assensus
1001 3824 1041 3872 est
1054 3817 1250 3884 Laurentiano,
1268 3835 1350 3889 quem

216 3905 326 3954 secutus
339 3900 464 3955 Hercher
476 3899 657 3969 Ἀρίστανδρος
668 3901 698 3956 in
716 3908 847 3957 oontextu
865 3904 987 3958 retinuit.
1018 3903 1210 3959 Artemidorus
1223 3904 1349 3957 Aristan·

216 3984 298 4038 drum
324 3985 469 4057 diligenter
493 3987 560 4058 legit
581 3987 731 4058 ceterisque
753 3988 819 4043 loeis
844 3988 949 4043 laudat.
990 3990 1184 4045 Aristarchum
1210 3988 1348 4043 hominem

217 4070 365 4130 obscurum
391 4071 596 4139 Artemidorus,
624 4073 672 4143 qui
698 4074 836 4129 rarissime
863 4074 931 4128 alios
957 4076 1118 4146 interpretes
1145 4074 1227 4129 laude
1251 4073 1348 4143 dignos

216 4155 327 4225 indicat,
345 4157 425 4213 valde
441 4157 540 4213 dubito
557 4175 594 4212 an
611 4175 667 4213 non
686 4157 788 4226 ἄριστον
807 4156 976 4226 ὄνειροκρίτην
993 4161 1185 4216 nominaverit.

304 4243 346 4309 12)
365 4261 392 4314 p.
410 4246 453 4309 31,
472 4261 495 4297 1.
865 4245 909 4313 13)
927 4262 954 4316 p.
972 4245 1032 4312 217,
1053 4263 1100 4301 15.-

303 4330 346 4397 14)
364 4328 479 4383 Lucian.
497 4328 606 4401 Philop.
624 4329 668 4397 21,
680 4329 724 4384 22.
