3254 4890
693 322 821 385 -30
868 356 904 365 ,.

224 510 370 588 exponit:
400 511 460 569 alio
491 530 601 588 quoque
629 531 666 569 ea
688 512 801 569 ratione
830 520 858 569 et
879 511 989 588 porilem
1010 512 1131 589 physico
1145 510 1242 593 fluuit
1263 511 1362 572 multi·

226 612 296 669 tudo
312 613 448 683 deorum
472 616 524 690 qni
538 616 635 673 induti
647 616 741 691 speeie
763 614 888 672 lomene
902 610 1027 693 sabulos
1045 624 1142 693 poetis
1163 616 1363 693 suppeditave-

227 723 306 785 runt,
333 712 475 773 dominoco
498 724 591 775 eutem
616 720 700 775 vitum
722 718 924 793 superstitione
947 719 1026 775 omni
1043 716 1235 797 rorserserunt.
1276 726 1362 796 utque

228 817 276 875 aa
292 819 373 875 loeas
389 837 406 876 o
422 820 538 876 Zenone
557 827 700 877 tractatus
719 827 820 895 posteo
846 837 864 876 a
881 819 1017 877 Cleanthe
1039 829 1069 878 et
1085 821 1246 898 Chrysippo
1265 821 1362 898 pluri·

224 918 280 976 bros
301 919 395 978 uerbis
417 922 580 998 explicatus
603 930 647 979 est
669 962 677 979 .
697 965 703 979 .
722 965 728 979 .
748 920 870 997 physice
892 924 971 980 ratio
994 942 1051 980 roo
1074 924 1225 999 inelegans
1247 923 1361 981 incluso

225 1030 271 1080 est
300 1024 329 1081 o'o
361 1025 464 1100 impios
486 1023 620 1104 fabulas.
667 1022 715 1081 Ex
739 1023 798 1083 hac
828 1021 947 1084 ratione
978 1023 1099 1084 duobus
1125 1025 1201 1084 locis
1223 1025 1360 1084 Artemi·

226 1122 323 1184 dorus
338 1125 561 1203 interpretatus
578 1134 640 1185 est:
665 1119 779 1201 φυσική
796 1119 931 1203 ἐξήγησις
946 1125 1112 1186 adhibetur
1134 1148 1163 1204 p.
1178 1129 1250 1205 230,
1266 1145 1292 1187 10
1306 1147 1360 1205 sq,

228 1228 283 1289 ubi
300 1228 369 1304 quis
386 1249 419 1288 se
435 1227 660 1306 Endymionem
684 1247 751 1288 esse
774 1228 930 1288 somnians
952 1239 1061 1307 postea
1084 1229 1254 1306 astrologia
1276 1250 1361 1306 mag·

228 1351 301 1389 nam
323 1330 454 1407 gloriam
477 1340 581 1409 parat;
606 1338 636 1390 et
658 1351 687 1408 p.
712 1331 761 1409 43,
784 1349 797 1390 5
819 1329 967 1409 legimus:
999 1323 1078 1390 εἶδον
1102 1329 1205 1391 δὲκαὶ
1229 1329 1260 1390 ἐν
1284 1333 1362 1390 Κυλ-

226 1429 301 1516 λήνῃ
325 1428 483 1512 γενόμενος
497 1426 614 1510 Ἑρμοῦ
638 1427 752 1512 dyaipo
776 1427 864 1491 οὐδὲν
886 1426 955 1491 o’ilto
975 1426 995 1508 ἢ
1010 1432 1125 1492 αἰδοῖον
1149 1430 1361 1512 δεδημιουργη-

230 1532 319 1611 pirou
341 1531 419 1618 λόγῳ
442 1533 498 1594 τινὶ
512 1538 650 1617 φυσικῷ.
688 1536 828 1611 Utroque
850 1535 917 1594 loco
941 1535 1066 1596 fabulae
1088 1537 1220 1614 physica
1242 1538 1361 1597 ratione

226 1639 443 1716 explicantur3
478 1640 584 1716 itaque
613 1637 811 1698 manifestum
845 1648 892 1698 est
929 1642 1176 1699 convenientiam
1208 1640 1361 1716 quandam

228 1761 297 1802 esse
326 1744 409 1800 inter
439 1741 601 1819 physicam
624 1749 656 1801 et
678 1741 846 1818 mythicam
869 1745 1035 1817 rationem;
1060 1742 1173 1812 eadem,
1190 1764 1239 1803 res
1262 1745 1361 1803 solum

228 1866 249 1904 a
280 1845 411 1904 diversis
442 1845 585 1922 partibus
615 1843 772 1921 aspicitur.
817 1842 877 1902 Sed
908 1849 972 1902 tum
1003 1844 1134 1921 physica
1163 1851 1195 1904 et
1224 1846 1361 1923 mythice

227 1948 308 2007 ratio
337 1951 419 2006 inter
448 1967 481 2006 se
511 1947 682 2007 contrariae
714 1966 781 2006 esse
804 1965 958 2022 nunquam
983 1953 1132 2022 possunt;
1163 1954 1236 2007 sunt
1258 1954 1360 2008 autem

229 2053 261 2109 in
284 2050 386 2128 priore
408 2050 572 2109 allatorum
595 2049 743 2126 exemplo.
788 2048 880 2107 Unde
903 2045 1038 2107 efficitur
1059 2049 1118 2108 hoc
1141 2049 1207 2109 loco
1229 2046 1360 2124 φυσικόν

228 2150 327 2233 to'yov.
344 2153 436 2212 aliter
459 2172 527 2212 esse
549 2151 824 2228 interpretandum.
888 2157 894 2163 '

316 2255 552 2316 Consideremus
583 2275 637 2314 cur
667 2254 793 2313 deorum
823 2252 1017 2331 potissimum
1052 2253 1173 2314 duobus
1206 2256 1282 2316 locis
1318 2257 1360 2315 al-

227 2360 363 2419 latorum
379 2358 458 2416 duae
475 2356 617 2416 diversae
637 2355 829 2432 cognitiones
854 2354 1065 2430 admittantur,
1088 2356 1302 2435 physiologica
1319 2394 1360 2403 -

228 2469 265 2522 ut
287 2461 436 2521 Graecam
459 2480 567 2520 vocem
596 2458 627 2518 in
655 2459 784 2518 latinam
806 2457 945 2534 linguam
967 2458 1153 2519 transferam
1178 2495 1218 2505 -
1242 2469 1273 2521 et
1295 2483 1362 2539 my.

226 2565 314 2625 thiea
343 2567 410 2624 sive
439 2562 596 2640 historica,
626 2582 704 2638 quae
733 2561 800 2620 loco
823 2563 927 2638 priore
951 2571 1156 2639 opponuntur,
1189 2566 1361 2640 posteriore

225 2660 434 2729 consentiunt.
472 2666 522 2725 Ad
545 2664 676 2742 Dionysi
699 2664 867 2742 mythicam
891 2664 1130 2741 historicamque
1154 2667 1361 2742 cognitionem

226 2770 333 2829 omnia
363 2769 518 2847 pertinere
549 2767 748 2828 manifestum
771 2775 826 2842 est,
855 2750 932 2843 qaae
956 2767 994 2827 de
1017 2787 1052 2826 eo
1076 2767 1201 2828 fabulae
1224 2779 1360 2829 narrant.

229 2870 293 2931 Sed
317 2871 391 2946 quid
413 2877 487 2931 tunc
511 2870 716 2946 relinquitur?
761 2869 991 2944 Relinquantur
1014 2868 1152 2948 effectus,
1184 2892 1261 2947 quos
1285 2873 1361 2932 deus

227 2974 325 3050 orgiis
355 2975 387 3031 in
418 2973 595 3032 hominibus
626 2978 766 3050 praestat
789 2981 820 3030 et
844 2992 920 3048 quos
943 2973 1090 3050 physicos
1112 2974 1284 3034 rectissime
1309 2996 1361 3033 no-

230 3076 339 3136 minari
356 3082 595 3135 consentaneum
611 3084 667 3134 est.
689 3075 769 3135 Nam
785 3058 1077 3151 affectiones'orgiis
1095 3076 1247 3136 excitatae
1262 3079 1361 3137 morbi

227 3180 391 3241 cuiusdam
417 3178 592 3239 simillimae
615 3186 688 3238 sunt
698 3178 728 3254 1).
773 3176 923 3251 Sacerdos
947 3185 1051 3236 autem
1073 3178 1204 3255 Dionysi
1227 3179 1301 3239 item
1325 3201 1361 3239 ac

231 3282 421 3344 bacchantes
445 3280 476 3341 ἐκ
499 3283 553 3339 τοῦ
576 3262 654 3344 θεοῦ
676 3276 801 3356 κάτοχος
823 3280 1039 3356 nominatur2).

317 3384 474 3462 Serapidis
504 3394 617 3444 natura
647 3368 833 3447 erratione
865 3383 1041 3460 mythornm
1074 3390 1222 3462 percepta
1256 3385 1361 3445 eadem

228 3495 280 3549 est
313 3509 349 3548 ac
382 3487 533 3547 Plutonis.
589 3487 697 3559 Qualis
730 3493 833 3546 autem
867 3493 915 3546 est
952 3486 1087 3562 cognitio
1125 3487 1364 3565 physiologica?

231 3592 333 3651 Huius
349 3591 461 3651 aetatis
480 3610 529 3649 ers
552 3590 706 3650 medicina
722 3574 813 3649 docet
827 3589 1041 3665 somniainter
1056 3609 1106 3650 res
1129 3590 1362 3668 physiologicas

227 3714 300 3755 essa
316 3693 466 3769 habenda,
483 3699 514 3752 et
532 3713 587 3770 per
610 3713 643 3752 se
666 3682 863 3752 manifestum
887 3684 934 3751 est
958 3691 1048 3751 deum
1071 3693 1190 3752 somnia
1212 3693 1361 3754 incuban-

231 3796 317 3857 tibus
350 3797 524 3855 mittentem
556 3798 588 3853 in
622 3796 801 3872 corporibus
834 3801 865 3854 et
897 3794 1007 3854 animis
1038 3794 1195 3854 hominum
1218 3795 1363 3857 effectum

230 3905 400 3978 praestare,
424 3901 476 3975 qui
500 3898 579 3958 bene
602 3898 836 3975 physiologicas
852 3897 1003 3956 nominari
1026 3901 1133 3974 possit.
1165 3880 1277 3959 Omnes
1298 3898 1362 3958 iere

248 4020 431 4030 Vffl‘„

318 4067 343 4133 1)
361 4065 516 4131 Nietasche,
529 4064 636 4120 Geburt
648 4064 675 4119 d.
688 4065 777 4135 Trag.,
791 4082 817 4135 p.
832 4065 856 4118 9.
873 4067 912 4118 ll.
936 4063 1042 4130 Rohde‚
1057 4064 1172 4133 Psyche,
1184 4063 1216 4117 ΙΙ
1228 4081 1254 4134 p.
1267 4065 1302 4117 4²
1314 4080 1363 4134 sq„

228 4152 384 4223 praecipue,
403 4152 434 4205 ΙΙ
453 4170 479 4222 p.
497 4151 555 4205 42².

237 4280 241 4289 .
284 4260 286 4263 ’
315 4237 341 4304 2)
361 4236 893 4307 Paus.X33‚11;,R0hde‚11p.49².
921 4236 968 4305 ,De
986 4252 1051 4290 voce
1070 4234 1177 4305 κάτοχος
1194 4234 1365 4303 κατεχόμενος

227 4322 337 4389 Rohde‚
356 4322 386 4375 ΙΙ
405 4341 431 4392 p.
452 4323 512 4388 18²3
531 4324 591 4389 314,
611 4341 620 4377 1
643 4329 670 4377 et
688 4323 722 4376 al.
