3254 4890
675 354 885 453 „19⁸-

215 536 317 611 τέλους
346 537 414 616 περὶ
450 531 531 620 §piar
563 536 614 599 καὶ
638 535 800 620 Ἀρχελάου
831 539 881 601 καὶ
913 535 1118 623 Ξενορράτους
1149 543 1202 601 τοῦ
1229 536 1349 620 Ἀφρο-

217 639 335 712 truilos
367 640 591 720 παρακηκοότες
622 635 675 719 ’ὑφ’
703 630 741 704 οὗ
773 642 897 705 ἕκαστον
923 646 999 727 ζῷον
1026 638 1226 721 θεραπεύεται
1248 641 1299 704 καὶ
1321 645 1355 704 τί-

215 742 340 805 ἕκασταν
356 745 492 822 φοβεῖται
507 743 557 805 καὶ
575 733 599 827 ᾦ
615 741 738 822 μάλιστα
760 746 864 826 χαίρει,
887 745 929 818 εἰς
951 741 1097 827 συνταγᾶς
1119 744 1169 806 καὶ
1186 742 1352 829 θεραπείας

218 842 470 911 ἇνααεπλάκασιν.
493 849 544 908 καί
558 870 603 920 τις
624 842 715 920 atate
737 844 882 930 συνταγαὶς
904 846 955 909 καὶ
972 850 1135 929 θεραπείας
1157 845 1348 926 ducatricem,

218 945 253 1020 ὃς
282 945 405 1026 μάλιστα
434 945 610 1030 κατακόρως
640 949 672 1012 ἕν
700 952 787 1036 τρίτῳ
818 955 870 1030 τῆς
900 950 1009 1013 ἑαυτοῦ
1038 954 1185 1032 συνταγῆς
1213 950 1350 1032 κέχρηται

219 1048 323 1123 οὕτως.
371 1041 410 1112 οὗ
440 1048 497 1134 ἐγώ
526 1055 633 1134 καίπερ
657 1043 690 1115 εὖ
712 1048 798 1126 εἰδώς
820 1051 852 1116 vd
877 1050 974 1132 ὄνομα
997 1049 1053 1115 οὐκ
1077 1050 1349 1133 ἐπιμνησθήσομαι.

218 1155 329 1235 Capite
345 1159 387 1216 22
404 1155 546 1237 ovvrayal
561 1157 613 1216 nal
628 1163 789 1235 departiri
810 1180 829 1219 a
844 1159 910 1219 deis
931 1158 1088 1220 iudicatae
1110 1166 1349 1238 pertractantur,

217 1279 297 1336 quae
328 1261 486 1339 simplices
516 1268 548 1320 et
570 1260 680 1322 faciles
702 1262 864 1323 intellectu
887 1282 955 1323 esse
978 1262 1109 1339 debent;
1134 1261 1352 1341 vituperantur

219 1363 255 1440 ei,
272 1367 325 1439 qui
340 1362 536 1442 praescripta
552 1364 737 1442 ambagibus
752 1365 844 1443 plena
860 1364 899 1425 ab
916 1368 961 1425 eis
984 1363 1138 1442 proficisci
1161 1366 1351 1426 contendunt

217 1486 317 1542 aeque
341 1474 435 1542 atquo
459 1468 496 1543 ei,
522 1467 647 1543 quires
670 1468 896 1545 mythologicas
918 1469 1010 1527 nimis
1033 1465 1177 1528 difficiles
1199 1468 1232 1528 in
1254 1470 1351 1530 libros

218 1568 434 1629 onirocriticos
461 1572 602 1630 inserunt
612 1569 645 1648 1).
691 1569 774 1642 Quid
800 1569 833 1629 in
855 1570 913 1629 hoo
937 1577 1084 1630 contextu
1105 1570 1159 1631 ille
1180 1570 1267 1631 locus
1290 1572 1353 1633 sibi

219 1671 305 1748 velit,
320 1692 448 1748 prorsus
471 1694 533 1733 non
555 1673 757 1752 intellegitur,
775 1673 959 1751 praesertim
983 1694 1052 1734 cum
1074 1693 1135 1734 non
1159 1674 1198 1734 de
1220 1678 1354 1735 somnio·

218 1792 289 1832 rum
321 1775 486 1836 collatione
517 1796 617 1835 sermo
648 1774 711 1853 fiat,
741 1775 797 1836 sed
826 1775 857 1834 in
887 1795 979 1853 opere
1002 1775 1098 1835 allato
1127 1775 1275 1856 συνααγαὶ
1298 1773 1362 1837 ἀπα·

219 1872 303 1958 ζῴων
322 1882 503 1955 neutiquam
525 1899 581 1957 per
603 1879 722 1939 somnia
745 1880 836 1939 datae
860 1880 1009 1940 collectae
1031 1880 1103 1940 sint.
1132 1879 1355 1940 Artemidorus*

219 1981 288 2057 ipse
322 1989 393 2058 post
423 1982 506 2042 hunc
536 1982 638 2042 locum
668 1982 707 2041 ad
737 1982 841 2059 priora
873 1981 1056 2060 regreditur,
1087 1982 1126 2041 ad
1157 1982 1211 2041 illa
1240 1977 1352 2061 χριστά,

222 2080 393 2155 talaicum,
428 2078 531 2159 βροτοί,
566 2079 643 2143 ποτά
676 2085 766 2144 initio
801 2084 913 2162 eapitis
948 2090 1090 2147 tractata.
1146 2084 1258 2161 Itaque
1293 2084 1354 2145 iam

221 2185 365 2245 Hercher
386 2186 564 2264 suspicatus
584 2195 633 2247 est
656 2192 755 2246 totum
777 2187 878 2246 locum
901 2187 932 2246 in
956 2187 1126 2264 marginem
1148 2188 1355 2248 revocandum

219 2308 289 2348 esse
321 2298 352 2349 et
378 2310 446 2350 mea
469 2289 594 2366 quidem
617 2293 772 2351 sententia
800 2289 1004 2350 removendus
1028 2299 1084 2350 est.
1128 2291 1230 2350 Locus
1254 2296 1356 2350 autem

220 2393 288 2471 ipse
311 2393 387 2453 mihi
411 2394 464 2470 qui
488 2393 670 2470 diligentius
692 2393 869 2470 inquiratur
892 2393 1093 2470 dignissimus
1116 2392 1249 2453 videtur.

310 2495 393 2568 Quid
408 2496 450 2556 sit
465 2492 553 2566 κάσῖς
575 2516 681 2556 omnes
704 2496 757 2574 qui
780 2496 820 2556 ad
842 2498 938 2556 verba
952 2496 1143 2556 Artemidori
1166 2495 1357 2557 emendanda

223 2598 367 2658 adierunt
396 2600 487 2677 plane
517 2600 723 2660 nesciverunt.
767 2600 940 2674 Hercher2)
965 2620 1072 2659 vocem
1095 2599 1134 2658 ad
1157 2599 1357 2675 interpretem

221 2698 328 2776 refert,
360 2701 393 2759 in
425 2721 486 2778 qua
516 2709 551 2761 ut
574 2702 699 2762 Casium
721 2702 974 2780 iatrosophistam
997 2720 1165 2779 agnoscere
1188 2700 1248 2760 sibi
1271 2699 1356 2759 vide·

224 2808 319 2879 retur,
352 2802 424 2862 libri
454 2803 649 2864 Aristotelici
682 2804 749 2882 περὶ
780 2799 863 2885 ζῴων
892 2804 1037 2864 vicinitas
1071 2800 1183 2862 effecit.
1229 2801 1290 2861 Sed
1323 2807 1358 2861 ut

225 2905 366 2964 omittam
395 2905 458 2965 tale
488 2906 643 2982 glossema
672 2907 705 2965 in
735 2906 921 2984 glossemate
951 2905 1052 2965 minus
1082 2925 1150 2965 esse
1181 2904 1357 2983 verisimile,

224 3004 310 3066 Casii
326 3027 437 3068 nomen
453 3007 514 3069 huc
536 3008 661 3068 minime
676 3009 815 3085 quadrat.
847 3010 880 3069 Is
904 3008 984 3069 enim
1007 3028 1101 3068 unum
1124 3014 1245 3068 tantum
1267 3008 1357 3067 libel·

216 3110 323 3199 ·lumss)
339 3110 475 3190 scripsit,
498 3111 531 3172 in
555 3130 614 3195 quo
637 3132 787 3189 nusquam
811 3111 849 3171 de
871 3111 988 3172 talibus
1010 3115 1169 3190 συνταγαῑς
1191 3104 1250 3169 dat
1274 3094 1362 3189 ζῴωα

223 3232 326 3273 sermo
358 3212 402 3272 fit.
447 3214 627 3274 Aristotelis
651 3221 754 3274 autem
783 3215 872 3274 libris
903 3211 969 3292 περὶ
1003 3207 1085 3295 ζῴων
1113 3220 1160 3273 tot
1190 3215 1357 3291 scriptores

224 3316 273 3375 usi
296 3322 377 3393 sunt,
397 3323 433 3375 ut
456 3318 540 3378 nullo
563 3316 655 3377 modo
677 3318 819 3395 intellegi
840 3317 941 3395 possit
963 3337 1024 3394 qua
1046 3337 1079 3377 rs
1095 3322 1271 3377 commotus·
1288 3327 1358 3376 eum

226 3419 393 3496 praecipue
425 3420 580 3498 interpres
612 3420 760 3480 intulerit.
810 3421 922 3497 Itaque
952 3420 1104 3480 Hercheri
1134 3417 1289 3479 sententia
1319 3439 1358 3477 ne

227 3520 383 3580 minimam
401 3523 526 3598 quidem
543 3523 683 3585 veritatis
706 3523 840 3602 speciem
863 3543 936 3602 prae
959 3542 993 3583 se
1015 3522 1085 3583 fert.
1115 3522 1247 3582 Accedit
1266 3522 1357 3598 quod,

225 3621 255 3682 si
279 3623 407 3682 verbum
439 3645 639 3705 removemus,
670 3630 703 3686 in
734 3632 881 3687 contextu
904 3627 1022 3703 aliquid
1050 3625 1260 3700 desideratur3
1288 3645 1358 3684 nam

229 3745 297 3785 cum
332 3727 535 3789 antecedente
568 3730 699 3790 circuitu
730 3729 768 3790 de
800 3734 957 3809 συαεαγαῖς
989 3733 1021 3788 in
1051 3728 1229 3788 universum
1258 3746 1358 3786 sermo

226 3826 332 3889 factus
355 3831 405 3906 sit,
436 3840 650 3909 exspectamus
680 3834 810 3894 verbum
839 3834 906 3894 sive
928 3833 1033 3908 verba,
1064 3832 1177 3908 quibus
1200 3830 1238 3888 ad
1261 3829 1360 3888 solam

227 3932 314 3992 illam
337 3934 489 4009 συνταγῶν
512 3934 722 3995 collectionem
744 3937 938 3996 tractandam
961 3934 1111 3995 transitus
1133 3933 1196 3993 fiat.

315 4036 384 4096 Hac
400 4035 622 4097 deliberatione
642 4038 754 4099 ductus
776 4042 837 4098 iam
859 4037 1052 4118 Rigaltius4)
1077 4034 1126 4095 καὶ
1149 4035 1203 4094 νῦν
1225 4034 1359 4113 scripsit,

317 4205 340 4270 1)
357 4203 392 4258 el.
410 4220 496 4274 supra
513 4203 580 4274 Cap.
600 4204 623 4270 I,
641 4207 656 4273 ξ
673 4206 698 4260 3.
852 4204 879 4272 2)
897 4204 926 4257 in
944 4204 1102 4276 appendice
1192 4211 1197 4217 “

316 4292 343 4358 3)
363 4290 395 4345 L.
413 4290 511 4357 Ideler‚
529 4290 641 4361 Physici
659 4297 686 4345 et
704 4290 802 4346 medici
820 4290 927 4355 Graeci,
945 4290 973 4343 in
990 4290 1043 4345 vol
1062 4291 1085 4345 I.

315 4376 343 4439 4)
362 4375 403 4430 ed.
421 4373 629 4431 Artemidorum
648 4377 722 4431 1603.
