3254 4890
702 382 914 445 ,33-

237 567 475 650 ἒχχεχραμμίνον
492 569 586 629 λεπίδι
601 571 692 653 χαλκῇ
707 566 775 644 περὶ
791 591 843 627 τον
857 562 1003 645 τρόχηλον
1019 565 1161 626 δεδέσθαι
1180 561 1278 642 όίσπερ
1301 585 1371 632 σκυ-

147 660 150 665 *
237 674 319 733 τίθα.
357 667 489 756 συνύχχη
511 670 642 748 ληφθείς
664 667 737 731 ἕπτύ
759 664 884 749 ἡμέραις
906 666 1051 731 ἀπέθανε.
1095 668 1144 729 καὶ
1169 663 1224 748 χύρ
1246 664 1372 745 χθόνιος

238 768 256 834 ό
286 769 360 845 θεός
389 766 464 833 εἶναι
492 768 662 848 νενόμισται
684 771 733 832 καί
757 767 809 831 τόν
832 766 926 831 αὐτόν
948 771 1006 848 ἔχει
1026 767 1115 850 λόγον
1137 775 1177 854 τῷ
1204 766 1370 847 Πλούτωνι,

238 877 271 937 id
301 885 349 938 est
377 871 465 956 λόγον
495 856 637 952 μυθικόν.
688 875 733 935 Ei.
760 877 814 953 qui
845 874 1026 954 Serapidem
1058 875 1211 953 implorat,
1244 882 1280 935 ut
1309 874 1370 935 sibi

238 981 407 1057 medeatur,
437 999 549 1039 nomen
572 978 733 1057 Serapidis
761 998 872 1038 nocere
894 998 956 1037 non
977 997 1070 1055 posse
1091 975 1289 1037 manifestum
1311 985 1368 1041 est.

326 1083 413 1142 Haeo
442 1085 505 1141 tria
529 1081 648 1141 somnia
670 1080 814 1142 nunciam
836 1080 900 1140 illis
922 1080 1110 1141 somniorum
1133 1080 1370 1154 coniectoribus,

239 1186 278 1245 de
308 1184 422 1260 quibus
452 1204 552 1244 sermo
583 1192 639 1260 est,
669 1183 839 1257 attribuere
866 1203 927 1242 nou
957 1184 1135 1261 poterimus.
1180 1182 1242 1242 Sed
1263 1184 1371 1241 insunt

238 1288 270 1347 in
292 1287 372 1347 libro
396 1286 587 1347 Artemidori
610 1287 687 1347 haee
709 1286 837 1363 somnia,
864 1307 943 1362 quae
967 1285 1006 1344 ad
1030 1304 1083 1344 eos
1105 1284 1279 1344 revocanda
1302 1304 1371 1345 esse

237 1390 410 1455 verisimile
438 1398 502 1449 est:
536 1389 573 1467 V,
596 1389 691 1468 891).
735 1385 817 1459 ἔδοξέ
842 1380 895 1458 ’τις
925 1391 1022 1448 νοσῶν
1055 1382 1108 1444 τόν
1139 1388 1287 1464 στόμαχον
1322 1387 1371 1446 καὶ

239 1495 387 1571 συνταγῆς
415 1485 556 1568 δεόμενος
585 1485 667 1569 παροί
696 1495 751 1551 τοῦ
773 1485 953 1567 Ἀσκληπιοῦ
983 1488 1025 1560 είς
1050 1485 1082 1549 τό
1114 1484 1195 1568 ἱερόν
1217 1493 1272 1547 τοῦ
1295 1491 1371 1549 θεοῦ

240 1591 369 1664 εἰσιέναι,
399 1591 451 1654 καί
480 1595 533 1654 τόν
564 1589 639 1654 θεόν
670 1593 838 1654 ἐκτείναντα
860 1598 912 1669 τῆς
935 1593 1032 1666 δεξιᾶς
1055 1589 1163 1652 ἑαυτοῦ
1184 1587 1280 1670 χειρός
1302 1586 1372 1661 τούς

240 1691 405 1767 δακτύλους
435 1694 572 1777 παρέχειν
601 1690 683 1779 αύτῷ
712 1695 833 1759 ἐσθίειν.
878 1697 1018 1765 φοίνικας
1048 1692 1134 1755 πέντε
1165 1693 1276 1755 ἐσθίων
1306 1694 1371 1754 ἔθει

239 1787 396 1876 ραπεύθη·
427 1797 476 1859 καί
509 1794 564 1880 peip
590 1799 623 1859 at
643 1802 696 1860 τοῦ
719 1801 857 1872 φοίνικος
879 1795 1003 1876 βάλανοι
1026 1797 1059 1857 αί
1078 1797 1242 1857 σπουδαῖαι
1263 1793 1372 1856 δύκτυ-

238 1907 284 1960 λοι
314 1906 479 1962 καλοῦνται.
524 1904 562 1980 V,
594 1905 689 1982 61²):
721 1901 804 1974 ἔδοξέ
834 1924 878 1972 τις
905 1895 966 1960 ύπό
999 1904 1052 1961 τοῦ
1081 1894 1262 1974 Ἀσκληπιοῦ
1293 1902 1371 1973 ξίφει

241 2002 362 2080 πληγείς
391 2004 433 2076 είς
462 2002 518 2081 τὴν
546 2003 673 2086 γαστέρα
699 2001 875 2065 ἀποθανεῖν.
920 1988 1010 2073 οὗτος
1032 1997 1191 2079 οίπόστημα
1213 2000 1372 2082 γενόμενον

241 2102 315 2164 aare}
345 2110 398 2180 τῆς
428 2102 555 2183 γαστρός
586 2104 689 2173 ἰάσατο
719 2112 796 2191 τομῇ
826 2102 1016 2187 χρησόμενος.
1060 2108 1122 2167 Hic
1145 2109 1371 2185 pronuntiatur,

241 2210 323 2286 quod
346 2218 439 2270 antea
460 2211 492 2270 in
507 2211 632 2289 templis
646 2210 765 2271 sactum
781 2223 837 2271 est.
867 2211 905 2290 V,
923 2212 995 2290 9³):
1011 2205 1123 2287 ηὔξατό
1138 2231 1182 2278 τις
1198 2213 1238 2293 τῷ
1253 2203 1371 2285 Ἀσκλη-

240 2315 308 2389 πιῷ.
333 2311 360 2370 εί
373 2307 423 2372 dui
439 2316 492 2371 τοῦ
507 2311 595 2382 ἔτους
610 2309 719 2384 όὶνοσος
733 2312 826 2387 ίλθοι,
844 2311 950 2373 θύσειν
966 2307 1048 2394 αύτῷ
1064 2306 1255 2389 ἀλεκτρυόνα·
1272 2311 1372 2372 ἔπειτα

240 2409 384 2475 ὃιαλιπούν
406 2408 520 2495 ἡμέραν
549 2409 660 2492 ηύξατο
692 2410 781 2475 πόλιν
811 2402 853 2498 τῷ
875 2410 1059 2497 Ἀσκληπιῷ,
1090 2414 1117 2474 εί
1137 2408 1178 2491 μη
1201 2408 1372 2491 όφθαλμιό-

240 2536 325 2590 οειεν,
342 2515 457 2609 ,ἕτερον
486 2515 669 2598 ἀλεκτρυόνα
699 2515 814 2579 θύσειν.
860 2517 909 2578 καί
932 2512 971 2595 δη
995 2517 1037 2589 εἰς
1060 2513 1152 2587 νύκτα
1174 2515 1258 2589 ἔδοξε
1279 2516 1372 2596 λέγειν

242 2613 322 2701 αύτῷ
345 2615 396 2680 τόν
417 2615 596 2697 Ἀσκληπιόν
617 2615 669 2692 ἐἷς
691 2646 742 2697 μοι
764 2618 935 2701 ἀλεκτρυών
957 2614 1072 2707 οἰρκεῖ’.Ι
1108 2614 1217 2689 όίνοσος
1239 2615 1293 2695 μὲν
1317 2608 1372 2680 οὖν

241 2719 363 2793 ἔμεινεν,
397 2716 593 2800 ω’φθαλμίασε
619 2722 651 2783 δὲ
674 2723 809 2802 ἰσχυρῶς.
853 2725 922 2785 Ηοο
946 2743 1068 2802 quoque
1090 2724 1158 2783 looo
1181 2744 1200 2782 a
1223 2724 1281 2783 deo
1303 2725 1371 2802 ipso

241 2824 393 2884 somnium
423 2827 604 2904 imploranti
634 2828 763 2888 missum
792 2848 861 2889 esse
889 2837 1029 2906 apparet.
1073 2826 1129 2905 IV,
1151 2825 1243 2903 804):
1266 2827 1371 2887 Mene·

242 2935 343 2987 oratos
380 2932 600 3005 grammaticus
632 2930 800 3009 somnium,
837 2930 920 3007 quod
954 2931 1140 2989 onirooritae
1173 2930 1372 3008 interpretari

241 3050 303 3089 non
325 3039 467 3110 possunt,
492 3038 528 3091 ut
550 3031 675 3110 Serapis
696 3032 764 3110 ipse
785 3033 1009 3111 interpretetur
1031 3031 1119 3110 petit,
1141 3035 1195 3108 qui
1216 3051 1273 3110 per
1294 3052 1372 3093 som-

240 3132 324 3192 nium
347 3133 434 3194 visus
457 3133 576 3212 petenti
598 3134 787 3210 obsequitur.
825 3136 863 3212 V,
887 3137 936 3196 92.
960 3136 1009 3194 93.
1033 3135 1120 3211 94⁵):
1143 3135 1231 3195 Haeo
1252 3135 1372 3195 somnia

241 3236 426 3316 aSerapide
449 3238 517 3315 ipso
539 3236 777 3316 implorantibus
799 3241 973 3300 mittuntur.
1011 3238 1125 3298 Tamen
1147 3241 1372 3316 iuterpretatur

241 3339 456 3401 Artemidorus
479 3341 619 3401 homines
641 3340 711 3401 ideo
735 3361 803 3402 esse
825 3347 970 3418 mortuos,
997 3341 1080 3418 quod
1102 3340 1227 3419 Serapis
1249 3343 1282 3400 in
1304 3340 1371 3405 deis

241 3440 349 3503 inferis
381 3451 569 3504 numeratur.
619 3443 689 3503 Hoo
721 3442 948 3521 ineptissimum
979 3463 1047 3504 esse
1075 3463 1131 3521 per
1161 3462 1194 3502 se
1224 3450 1370 3522 apparet;

242 3565 312 3603 nam
344 3564 434 3604 nemo
464 3545 556 3606 deum
584 3546 778 3625 implorabit,
812 3549 873 3624 qui,
907 3548 935 3606 si
966 3567 1000 3607 se
1031 3545 1197 3606 somnianti
1226 3546 1371 3625 ostendit,

242 3655 372 3706 mortem
404 3648 611 3725 praenuntiet.
661 3649 773 3725 Itaque
801 3648 951 3728 Riessiiss)
980 3650 1167 3710 sententiam
1189 3632 1371 3728 sequemur,

242 3753 295 3826 qui
327 3751 434 3811 multis
467 3752 617 3831 exemplis
650 3752 875 3812 demonstravit
903 3751 1134 3813 Artemidorum
1168 3771 1269 3829 saepe,
1302 3770 1371 3811 oum

243 3854 362 3913 somnia
384 3873 551 3931 eorumque
573 3861 703 3916 eventus
726 3861 893 3934 enarraret,
917 3854 1006 3915 falsis
1028 3853 1255 3932 interpretandi
1277 3858 1370 3914 ratio·

240 3957 334 4016 nibus
356 3976 445 4016 usum
469 3958 580 4037 essel).
623 3957 748 4017 Somnia
770 3967 873 4018 autem
896 3958 972 4018 haec
994 3956 1056 4017 tria
1075 3954 1174 4032 libris,
1197 3956 1371 4033 dequibus

328 4124 354 4192 1)
372 4141 399 4194 p.
417 4124 476 4191 272,
497 4141 536 4180 ιο.
895 4124 923 4188 2)
940 4141 967 4194 p.
984 4123 1045 4190 265,
1066 4139 1105 4178 ιο.

326 4211 353 4278 3)
371 4228 398 4280 p.
415 4209 477 4277 255,
495 4227 536 4266 ιι.
896 4211 923 4278 4)
941 4227 967 4281 p.
986 4209 1046 4276 248,
1066 4225 1106 4263 ιο.

326 4297 353 4362 5)
370 4313 397 4365 p.
414 4295 474 4362 272,
493 4313 524 4351 so
543 4326 577 4335 —
594 4296 654 4362 273,
674 4314 713 4351 ιι.
897 4296 924 4364 6)
942 4294 996 4350 Ru.
1014 4295 1053 4349 M.
1071 4295 1114 4362 49,
1131 4312 1158 4365 p.
1179 4295 1228 4350 170
1246 4312 1286 4364 sq.

328 4381 354 4447 7)
371 4380 406 4436 oi.
424 4399 446 4436 s.
463 4400 491 4453 p.
510 4381 552 4447 12,
571 4398 611 4438 οε.

1183 4484 1199 4537 3
