3254 4890
695 367 903 433 -35-

231 559 370 617 mallent.
411 555 530 616 Eodem
551 557 618 616 iure
641 577 701 632 quo
725 554 810 617 Oder
830 555 1043 617 Alexandrum
1065 556 1236 617 Reiehardt
1244 556 1267 634 1)
1290 557 1366 617 Nic-·

232 658 363 721 andrum
392 658 424 718 in
447 658 530 718 hunc
552 660 736 737 scriptorum
760 657 897 719 ordinem
920 659 1066 738 inseruit;
1089 659 1152 721 sed'
1166 651 1250 720 buno
1271 659 1363 721 facile
1403 638 1409 648 ¹

231 761 411 838 refutamus,
442 780 512 821 oum
541 761 692 822 Nicandri
725 759 861 839 θηριακά
891 761 973 823 unde
1000 763 1087 823 locus
1110 762 1291 841 desumptus
1314 771 1363 823 est

231 865 335 925 adhuc
364 869 502 941 exstent3
532 864 618 925 illius
648 865 823 942 opinionem
853 867 970 926 reicere
996 864 1155 926 difficilius
1177 874 1234 942 est,
1257 886 1362 943 quam·

230 989 323 1047 quam
346 976 528 1044 argumenta
556 969 626 1044 ipsa
647 966 783 1028 firmiora
804 989 866 1027 non
888 977 969 1029 sunt.
1014 969 1079 1029 Nos
1101 947 1362 1028 antemvidimu's

231 1055 462 1132 Artemidorum
492 1070 533 1129 ad
561 1070 660 1131 libros
689 1090 811 1147 quoqne
842 1071 896 1148 qui
918 1091 979 1131 non
1001 1071 1040 1131 de
1062 1069 1189 1131 somniis
1210 1071 1362 1148 interpre-

229 1175 335 1236 tandis
366 1181 498 1252 egerunt
526 1174 656 1236 rediisse
668 1176 698 1251 2).
749 1175 862 1252 Itaque
891 1174 1064 1235 Alexandri
1095 1174 1202 1250 libros,
1236 1176 1289 1250 qui
1321 1173 1361 1232 ab

229 1276 427 1339 Artemidoro
451 1277 491 1336 ad
513 1277 755 1355 disputationem
779 1277 963 1355 explendam
986 1277 1119 1343 adhibiti
1148 1284 1231 1352 sunt,
1260 1275 1361 1335 oniro-

229 1380 355 1442 criticos
377 1379 475 1441 fuisse
498 1398 554 1458 pro
577 1389 661 1441 certo
685 1379 833 1441 affirmari
856 1400 917 1440 non
939 1400 1031 1458 posse
1055 1381 1172 1459 opinor.

315 1537 336 1614 ξ
359 1535 387 1595 9.
431 1535 510 1594 Pars
532 1533 609 1594 artis
631 1534 845 1595 onirocriticae
868 1554 906 1595 ex
928 1534 1107 1594 Aristotelis
1130 1541 1161 1594 et
1184 1533 1360 1594 Aristoteli·

229 1658 335 1700 eorum
364 1637 452 1697 libris
481 1626 548 1714 aopi
579 1630 661 1719 ζῴων
691 1637 827 1716 pendere
856 1637 967 1716 potuit,
996 1637 1090 1697 simili
1111 1636 1201 1696 modo
1225 1656 1260 1696 ac
1282 1636 1360 1715 phy-

228 1742 428 1819 siognomica,
445 1760 524 1817 quae
540 1742 615 1800 item
636 1740 758 1815 μαντεία
781 1740 959 1800 nominatur
967 1740 1001 1818 ³).
1030 1739 1172 1816 Utraque
1195 1739 1361 1819 disciplina

228 1851 351 1922 partem
381 1847 529 1903 materiae
560 1862 598 1902 ex
629 1836 775 1919 operibus
806 1842 972 1920 zoologicis
994 1841 1108 1919 hausit,
1132 1840 1188 1902 sed
1210 1840 1359 1903 differunt

229 1966 274 2023 eo,
304 1946 387 2022 quod
417 1945 458 2005 ad
485 1966 535 2006 res
558 1945 698 2005 diversas
721 1944 927 2022 exquirendas
950 1944 1109 2005 adhibent.
1153 1945 1271 2004 Eadem
1293 1943 1358 2005 fere

227 2048 406 2110 differentia
435 2056 491 2128 est,
520 2069 598 2125 quae
629 2050 711 2108 iuter
738 2047 897 2108 doctrinas
928 2068 966 2107 ex
996 2048 1167 2134 astrologia
1197 2055 1289 2124 ortas,
1320 2047 1358 2108 de

227 2153 342 2230 quibus
378 2153 475 2213 verba
507 2149 584 2211 facit
616 2150 723 2211 Cicero
732 2151 772 2228 4);
806 2151 909 2228 quibus
943 2154 1028 2210 etiam
1062 2154 1211 2228 Diogenes
1243 2151 1358 2210 Stoicus

227 2256 493 2334 concederetur,
520 2265 553 2313 ut
569 2254 739 2334 praedicere
756 2259 873 2333 possim
892 2254 1044 2313 dumtaxat
1064 2255 1148 2332 quali
1166 2256 1284 2332 quisque
1305 2272 1358 2311 nu-

228 2369 295 2418 !uro
318 2369 348 2418 et
369 2361 408 2418 ud
428 2378 512 2437 picum
535 2362 655 2437 petrique
677 2361 801 2416 monime
823 2378 881 2416 rem
904 2368 990 2435 optes
1004 2358 1130 2436 satiarer
1151 2360 1200 2415 sit.
1236 2358 1357 2417 Caetera

224 2482 298 2541 pirae
326 2461 550 2541 prifilebanmr,
586 2471 678 2537 negot
708 2463 767 2520 ullo
798 2460 878 2518 niodo
899 2464 981 2523 ,sor're'
1004 2480 1101 2539 posse.
1156 2458 1306 2519 Videmus
1339 2479 1357 2518 a

225 2572 313 2624 certa
327 2563 504 2642 inquirendi
519 2563 639 2624 ratione
661 2582 843 2642 progressos
857 2562 1091 2623 Artemidorum
1113 2542 1144 2623 et
1167 2581 1219 2622 eos
1242 2561 1357 2638 quibus

225 2666 383 2743 Diogenes
414 2674 570 2743 repugnat
599 2664 673 2745 fata,
703 2667 976 2744 physiognomioos
1010 2673 1041 2725 et
1071 2664 1244 2743 Diogenem
1277 2684 1356 2740 quae

225 2776 339 2828 natura
362 2775 393 2828 et
415 2767 535 2828 indoles
557 2767 680 2828 futurae
702 2773 766 2829 sint
787 2774 933 2829 statuere.

312 2869 402 2930 Nunc
419 2877 585 2946 antequam
608 2870 647 2930 ad
666 2891 718 2931 eos
741 2871 855 2948 quibus
877 2872 916 2930 de
939 2869 1123 2931 animalibus
1145 2869 1249 2948 agitur
1271 2869 1355 2929 locos

224 2971 462 3049 pertractandos
499 2980 664 3052 transeam,
701 2994 801 3052 pauca
834 2975 872 3035 de
906 2973 1077 3034 Alexandri
1109 2972 1233 3052 Myndii
1264 2972 1354 3033 libris

224 3071 291 3152 περὶ
323 3068 406 3156 ζῴων
437 3075 667 3154 praemittenda
697 3076 853 3137 videntur.
897 3075 968 3136 Duo
997 3076 1072 3137 libri
1099 3075 1243 3154 inscripti
1266 3083 1355 3135 erant

225 3174 292 3252 περὶ
316 3176 479 3256 aravum),
502 3198 633 3255 quorum
655 3179 734 3239 alter
756 3179 911 3240 secundus
924 3181 956 3257 6),
984 3180 1064 3240 alter
1085 3183 1198 3239 tertius
1212 3179 1234 3258 ⁷)
1257 3178 1354 3238 totius

220 3281 326 3357 operis
342 3287 417 3342 erat.
446 3281 516 3341 Duo
531 3281 605 3341 libri
626 3289 715 3342 erant
738 3280 804 3361 περὶ
827 3284 944 3358 κτηνῶν
952 3282 986 3363 8),
1008 3303 1100 3359 quam
1121 3281 1354 3359 inscriptionem

223 3381 403 3444 Wellmann
439 3383 553 3444 iniuria
585 3388 618 3443 in
656 3382 723 3459 περὶ
756 3387 875 3460 πτηνῶν
910 3384 1091 3445 mutandam
1125 3404 1193 3445 esse
1226 3382 1304 3443 dicit
1314 3384 1353 3459 9);

223 3504 295 3543 nam
325 3493 357 3546 et
385 3487 534 3546 nonnulla
563 3487 646 3565 apud
676 3487 839 3547 Aelianum
869 3488 1010 3565 exempla
1039 3492 1172 3564 exstant,
1202 3506 1281 3564 quae
1313 3486 1353 3544 ad

220 3606 298 3648 aves
320 3607 380 3647 non
403 3590 559 3665 pertinere
581 3590 761 3650 Wellmann
783 3589 850 3668 ipse
872 3590 1100 3666 animadvertit,
1123 3596 1155 3650 et
1175 3578 1209 3648 id
1232 3587 1352 3665 animal,

220 3689 306 3766 quod
327 3689 434 3769 erge
458 3699 720 3770 commemoratur,
743 3691 868 3774 yopyoiv,
889 3687 1033 3776 προβάτῳ
1056 3672 1150 3773 ἀγρίᾳ)
1172 3682 1287 3764 ὅμοιον,
1311 3682 1352 3759 oie

222 3785 249 3850 δ’
270 3789 346 3851 ἔνιοί
367 3810 439 3864 φασι
463 3787 571 3874 μόσχῳ,
593 3793 626 3854 in
649 3795 738 3855 libris
761 3792 827 3873 περὶ
850 3797 967 3872 κτηνῶν
989 3795 1149 3874 aptissime
1171 3790 1273 3854 locum
1296 3792 1351 3853 ob-

309 3946 335 4007 1)
353 3943 397 3998 De
413 3944 597 4012 Artemidoro,
615 3964 642 4018 p.
661 3947 719 4002 132.
873 3947 901 4014 2)
919 3946 954 4001 cf.
972 3964 993 4002 s.
1012 3946 1079 4017 Oap.
1097 3947 1138 4013 Π,
1155 3949 1170 4015 5
1188 3949 1213 4001 5.

306 4030 334 4086 3)
351 4029 499 4087 Adamaut
518 4031 542 4097 I,
559 4031 576 4084 2
594 4031 728 4098 Foerster‚
746 4031 896 4102 Physiogn.
915 4033 964 4086 Gr.
983 4032 1007 4098 1,
1024 4049 1051 4103 p.
1069 4031 1128 4087 299.
1177 4090 1180 4101 ,

306 4116 333 4182 4)
351 4113 385 4169 de
402 4114 456 4170 div.
476 4115 515 4183 ΙΙ,
532 4116 574 4183 42,
594 4134 634 4173 oo.
873 4120 902 4177 5)
918 4117 982 4188 Frg.
1000 4119 1025 4172 8.
1042 4118 1075 4170 21
1094 4116 1280 4187 (Wellmann).

306 4200 333 4268 6)
349 4199 414 4271 Frg.
433 4202 474 4256 15.
698 4206 724 4272 7)
742 4202 807 4273 Frg.
825 4203 867 4257 25.
1093 4203 1120 4270 8)
1139 4203 1203 4274 Frg.
1222 4205 1247 4258 6.

264 4285 461 4425 45ilpdsecutus
473 4287 502 4343 J.
514 4286 729 4355 schoenemann,
747 4287 782 4343 de
794 4288 994 4360 leucographis
1012 4289 1254 4360 antiquis-Heme
1274 4289 1349 4356 1886,

219 4388 246 4441 p.
352 4388 380 4427 n.
1163 4410 1165 4417 .

1164 4479 1195 4533 a*
