3254 4890
725 356 765 366 ..
811 320 852 384 13
891 272 937 365 Ἴ..

266 507 451 586 spicientesl
494 507 634 585 Apparet
657 527 762 575 omnes
784 528 928 570 numeros
950 529 1006 588 per
1028 508 1180 569 somnium
1201 508 1398 587 pronuntiari

265 630 366 689 posse.
413 608 649 687 eomputatione
681 615 785 670 autem
813 610 1004 673 Artemidori
1034 610 1213 672 efficiuntur
1234 613 1399 690 sexaginta

266 722 389 773 tantum
419 712 546 789 numeri,
579 712 787 789 quadraginta
816 714 908 791 plane
939 713 1060 774 desunt.
1103 714 1155 774 Ita
1175 722 1243 774 tota
1264 714 1398 775 Artemi·

267 815 336 874 dori
368 818 447 874 ratio
481 834 625 875 numeros
659 815 835 893 explicandi
868 816 1022 893 concidit,
1055 816 1198 893 quamvis
1231 816 1399 878 artificiosa

266 917 368 977 fuerit.
413 917 481 989 Qua
510 937 548 977 ex
577 936 611 976 re
641 917 886 978 concludendum
916 919 993 978 mihi
1022 919 1147 980 videtur
1168 919 1399 980 Artemidorum

268 1022 344 1087 haec
363 1020 465 1098 ipsum
488 1020 682 1097 excogitasse
704 1039 805 1096 neque
823 1056 860 1064 -
878 1020 911 1080 id
927 1020 1016 1097 'quod
1037 1021 1070 1081 in
1093 1022 1170 1082 alias
1192 1021 1296 1083 facere
1319 1023 1399 1083 solet

266 1158 308 1179 -,-
330 1123 362 1182 in
385 1142 458 1182 suas
480 1122 652 1183 sententias
675 1122 787 1183 acriter
808 1123 1016 1199 inquisivisse.

352 1295 372 1373 ξ
395 1295 423 1353 5.
465 1293 679 1354 Artemidorus
701 1298 769 1372 ipse
793 1294 911 1354 somnia
933 1294 1153 1372 quaerentibus
1175 1286 1398 1372 interpretatus

266 1397 365 1473 est1);
388 1400 433 1455 ita
448 1394 589 1474 peritiam
606 1397 691 1456 illam
714 1378 900 1458 consecutus
924 1405 979 1475 est,
1003 1418 1064 1474 qua
1086 1416 1179 1475 saepe
1201 1398 1354 1474 gloriatur
1365 1399 1399 1475 ²).

267 1498 328 1559 Sua
344 1499 457 1578 peritia
472 1519 533 1557 non
557 1508 721 1560 contentus
743 1500 881 1577 undique
902 1500 1000 1560 libros
1024 1501 1237 1560 onirocriticos
1260 1499 1398 1577 contulit,

267 1603 410 1677 quamvis
426 1599 555 1662 difficile
571 1610 653 1663 esset
670 1603 829 1680 acquirere
839 1603 871 1679 3).
906 1601 1104 1663 Observabat
1127 1602 1246 1662 somnia
1268 1622 1347 1679 quae
1370 1603 1399 1662 ei

266 1707 469 1765 innotuerunt
483 1725 596 1782 magna
612 1726 681 1765 cum
701 1706 915 1786 diligentia4);
939 1707 978 1765 ab
1001 1705 1071 1765 aliis
1093 1708 1211 1765 somnia
1234 1725 1399 1781 eorumque

266 1815 397 1868 eventus
433 1807 588 1884 quaesivit
598 1807 635 1885 ⁵);
667 1809 837 1886 permultos
867 1829 997 1885 quorum
1028 1807 1147 1868 somnia
1178 1815 1301 1867 enarrat
1331 1810 1400 1886 ipse

265 1910 345 1970 bene
375 1919 504 1972 noverat
516 1911 547 1987 6).
591 1910 671 1971 Nam
693 1912 881 1972 somniorum
904 1913 994 1989 copia
1015 1910 1151 1971 rationes
1173 1909 1399 1989 interpretandi
1483 1933 1487 1942 ·

268 2013 480 2089 continentur;
502 2014 652 2073 nonnulla
666 2018 786 2077 somnia
801 2015 908 2091 quales
924 2014 1026 2074 exitus
1048 2013 1194 2073 habitura
1216 2012 1280 2073 sint
1303 2013 1398 2072 inter-

266 2120 370 2191 pretes
402 2115 513 2190 sciunt,
545 2135 614 2176 cum
643 2135 753 2175 causas
775 2114 888 2176 afferre
911 2116 972 2176 iam
995 2136 1056 2176 non
1078 2115 1200 2194 possint
1211 2115 1242 2191 l).
1286 2115 1398 2192 Itaque

266 2216 465 2279 manifestum
495 2228 544 2280 est
574 2219 806 2280 Artemidorum
837 2240 1007 2298 permagna
1037 2219 1166 2280 materia
1199 2240 1289 2279 usum
1322 2238 1398 2296 esse,

267 2326 450 2399 praesertim
466 2344 536 2384 cum
551 2343 585 2384 se
601 2325 703 2383 omnia
726 2344 804 2400 quae
822 2323 922 2384 videri
945 2323 1066 2401 possint
1089 2325 1208 2382 somnia
1230 2320 1399 2381 contulisse

266 2423 333 2502 ipse
351 2426 511 2504 praedicet
521 2427 553 2502 8).
584 2427 699 2487 Tamen
720 2430 821 2487 omnia
840 2446 918 2503 quae
941 2432 1048 2485 narrat
1070 2429 1188 2486 somnia
1211 2418 1271 2483 ἀαὸ
1295 2423 1399 2499 πείρας

267 2527 296 2586 ei
325 2528 496 2590 innotuisse
525 2533 579 2590 vix
609 2531 758 2590 credibile
791 2536 847 2590 est.
897 2530 1003 2605 Atque
1035 2527 1232 2605 reperiuntur
1264 2525 1399 2602 vestigia

267 2631 380 2705 quibus
414 2632 609 2708 quomodo
643 2652 711 2693 res
743 2631 916 2692 nondum
954 2637 1150 2709 expertas
1185 2629 1232 2689 ad
1266 2630 1399 2688 libros

268 2733 524 2811 supplendos
548 2734 760 2795 adiecerit
783 2737 956 2796 edocemur.

357 2830 455 2894 Οὐδὲν
477 2831 545 2895 cillo
568 2835 646 2896 ἐστὶν
669 2833 868 2917 ὀνειροκρισία
889 2831 911 2912 ἢ
933 2829 1040 2912 o‘por'ov
1063 2830 1232 2913 παράθεσις
1243 2835 1276 2911 9).
1306 2833 1399 2893 Paria

267 2956 357 3014 pares
388 2947 518 2999 eventus
541 2939 658 2999 habent
669 2940 716 3016 10),
746 2939 860 3000 similia
882 2940 999 3000 similes
1010 2939 1056 3016 11).
1102 2938 1134 2998 Si
1157 2937 1226 3015 quis
1250 2957 1328 3014 quae
1350 2958 1398 2996 ra·

266 3038 415 3117 tiones12)
438 3041 633 3102 adhibendae
664 3046 727 3102 sint
757 3042 945 3119 cognoverit,
968 3035 1031 3101 κατ’
1054 3035 1214 3120 ἀναλογίαν
1223 3042 1262 3120 13)
1285 3040 1399 3100 similia

269 3161 469 3169 ζῴ-

355 3210 380 3276 1)
399 3225 426 3278 p.
444 3208 504 3271 226,
524 3225 563 3263 rr.
816 3209 843 3276 2)
861 3226 888 3278 p.
908 3211 932 3275 1,
953 3225 997 3275 163
1018 3208 1076 3276 129,
1096 3225 1142 3275 103
1163 3209 1221 3274 167,
1241 3225 1269 3274 ⁹3
1290 3207 1338 3262 197
1359 3223 1399 3262 ra.

352 3294 379 3362 3)
397 3312 424 3364 p.
443 3295 468 3361 2,
490 3311 534 3361 ro;
552 3294 613 3361 243,
634 3310 673 3348 21.

351 3379 378 3443 4)
398 3380 522 3447 ἐτήρησα,
546 3378 719 3446 ἐτηρήσαμεν,
737 3381 857 3440 πολλάκις
875 3379 1072 3449 ἐτηρησα(μεν),
1092 3380 1136 3433 καὶ
1154 3378 1279 3446 ἐτήρησα,
1298 3377 1350 3445 ἐγώ
1369 3378 1399 3433 δὲ

268 3462 394 3529 ἐτήρησα,
412 3465 585 3533 παρεφύλαξα.

352 3550 379 3612 5)
397 3566 423 3619 p.
443 3553 501 3617 137,
522 3568 565 3617 ι,ο;
585 3551 644 3617 253,
664 3568 687 3605 a.
791 3551 818 3620 6)
837 3549 895 3606 οἶδα
913 3554 943 3605 δέ
960 3570 1022 3604 τινα.
1205 3551 1231 3617 7)
1249 3567 1276 3620 p.
1294 3548 1354 3615 212,
1376 3567 1398 3603 τ.

352 3634 379 3702 8)
397 3634 521 3690 Prooem.
539 3637 583 3692 IV
601 3655 627 3708 p.
648 3640 705 3703 197,
725 3655 736 3691 ν
763 3636 912 3704 συναγαγών
932 3635 1029 3689 ἕκαστα
1046 3636 1097 3688 τῶν
1116 3633 1227 3698 ὁρᾶσῖαι
1246 3636 1397 3700 δυναμένων.

267 3718 302 3772 el.
321 3736 348 3788 p.
369 3720 426 3786 167,
445 3738 474 3785 τ,
495 3722 552 3789 169,
572 3740 601 3788 τ;
621 3724 679 3790 194,
699 3739 745 3787 21;
765 3723 824 3789 196,
844 3738 883 3776 re.
1413 3720 1415 3723 ’

354 3805 380 3873 9)
399 3823 426 3875 p.
446 3805 504 3872 120,
524 3824 547 3861 τ.

338 3890 380 3957 10)
398 3908 421 3946 e.
439 3909 479 3962 gr.
502 3892 597 3947 heroes
620 3894 729 3950 eosdem
752 3911 785 3949 ac
801 3894 845 3949 dei
863 3912 891 3965 p.
911 3895 968 3959 146,
989 3910 1029 3959 re,
1046 3891 1160 3946 deorum
1178 3897 1286 3946 statuae
1304 3908 1337 3946 ac
1354 3891 1399 3948 dei

267 3992 295 4044 p.
315 3977 373 4041 193,
394 3992 434 4030 rs.
882 3980 925 4048 11)
941 3995 969 4049 p.
987 3977 1047 4043 220,
1068 3995 1090 4032 1.

337 4061 380 4130 12)
397 4061 428 4114 ταὶ
456 4061 631 4131 ὼτοδεῑγματα
657 4082 684 4135 p.
710 4065 752 4130 66,
776 4081 821 4130 26,
847 4064 908 4129 235,
934 4080 974 4117 22.
1012 4065 1038 4116 αἱ
1065 4061 1196 4130 inebriant
1224 4062 1281 4129 120,
1307 4081 1330 4117 s.
1367 4064 1399 4117 τά

266 4149 430 4215 γεγραμμένα
450 4151 507 4214 147,
526 4166 550 4203 4.

337 4234 380 4295 13)
396 4251 423 4304 p.
443 4234 501 4301 187,
516 4251 543 4300 6;
560 4234 621 4300 220,
636 4252 658 4289 1.
690 4234 785 4302 ὁμοίως
802 4236 845 4301 48,
859 4251 888 4302 t;
907 4235 950 4301 49,
970 4252 1015 4303 253
1035 4236 1093 4301 156,
1114 4253 1153 4290 12.
1183 4235 1247 4289 κατὰ
1266 4234 1294 4290 τὸ
1315 4231 1399 4301 ὅμοιον

267 4336 293 4387 p.
313 4320 355 4385 66,
375 4338 421 4386 ²63
441 4322 499 4387 147,
518 4338 541 4374 4.
578 4317 627 4374 eisd
648 4323 697 4375 τῶν
716 4319 810 4386 ὁμοίων
827 4320 870 4386 23,
890 4337 912 4374 a.
943 4320 984 4374 ἐπὶ
1001 4320 1030 4375 τὸ
1051 4315 1135 4388 ὅμοιον
1154 4322 1198 4375 καὶ
1216 4320 1252 4387 μή
1272 4318 1333 4374 πολὺ
1353 4320 1399 4388 τήν
