3254 4890
711 295 925 359 ..20-

257 501 349 558 quem
371 479 466 542 ceteri
495 490 620 561 praeter
642 483 835 545 Hcrcherum
860 481 960 542 secuti
982 488 1062 541 sunt.
1108 480 1170 541 Sed
1191 481 1267 540 haec
1290 480 1392 540 verba

256 604 312 661 per
334 603 368 644 se
390 587 490 662 magis
513 604 743 663 supervacanea
765 594 846 662 sunt,
870 605 962 661 quam
984 593 1019 644 ut
1046 583 1223 645 coniectura
1252 582 1387 643 inferan-

257 695 316 763 tur,
339 693 432 763 atque
450 687 599 753 atradita
621 689 776 767 scriptura
798 687 875 749 sotis
899 688 1074 748 abhorrent.
1118 676 1229 762 itaque
1253 687 1314 745 alia
1335 685 1392 746 vio.

255 789 459 866 ingredienda
481 792 549 850 erit.
1192 806 1195 811 ’

343 891 428 970 Opus
458 893 496 952 de
526 913 585 969 quc
618 892 722 970 agitur
752 894 902 969 quomodo
936 893 1114 953 institutum
1147 891 1250 964 fuerit,
1281 909 1390 967 quam·

256 1015 349 1071 quam
381 996 532 1055 breviter
548 1000 652 1055 tamen
678 996 760 1055 clare
784 1004 815 1056 et
838 1003 945 1074 aperte
968 995 1085 1056 dictum
1108 1003 1164 1055 est.
1208 995 1286 1053 Erat
1308 1014 1392 1053 oom-

257 1099 391 1177 plurium
406 1098 563 1176 librorum,
580 1118 708 1174 quorum
724 1101 817 1158 tertio
832 1098 905 1159 illae
921 1096 1061 1177 συνναγαὶ
1082 1091 1143 1157 obed
1166 1089 1249 1179 ζῴων
1271 1102 1391 1155 tracta--

257 1200 387 1276 bantur;
414 1199 497 1259 unde
526 1201 668 1276 sequitur
697 1205 809 1261 ceteris
837 1200 869 1260 in
898 1200 987 1260 libris
1010 1200 1072 1260 alia
1092 1199 1224 1260 infuisse
1246 1203 1265 1257 i.
1289 1217 1313 1258 e.
1336 1218 1387 1257 ar-

255 1311 435 1381 gumentum
469 1304 564 1364 totius
599 1304 701 1382 operis
735 1305 855 1367 varium
887 1301 994 1363 fuisse.
1046 1303 1158 1362 Totum
1191 1302 1292 1360 locum
1325 1301 1387 1360 iam

257 1406 384 1482 antiqua
417 1412 519 1466 aetate
552 1408 585 1465 in
620 1414 798 1471 contextum
826 1410 989 1484 irrepsisse
1018 1404 1187 1466 verisimile
1218 1412 1275 1483 est,
1304 1404 1391 1480 quod

254 1516 386 1584 utroque
417 1508 448 1567 in
480 1508 585 1569 codice
613 1508 721 1569 eadem
742 1511 838 1570 verba
859 1510 1013 1586 leguntur.
1057 1507 1168 1585 Itaque
1191 1507 1392 1585 vituperatus

256 1630 323 1670 esse
353 1609 480 1670 videtur
509 1613 644 1690 scriptor
673 1615 750 1672 satis
780 1612 940 1689 antiquus,
971 1610 1025 1687 qui
1054 1616 1126 1689 post
1154 1609 1387 1669 Artemidorum

250 1713 369 1773 floruit.
1138 1792 1140 1799 ,

339 1816 512 1894 Scriptores
529 1816 664 1877 Graecos
681 1824 899 1896 percensentes
918 1838 1012 1877 unum
1035 1817 1217 1892 invenimus,
1240 1815 1272 1874 in
1296 1834 1389 1889 quem

252 1919 348 1979 verba
386 1920 500 1996 optime
537 1919 707 1995 quadrant:
752 1920 916 1980 Sextum
953 1919 1104 1979 Iulium
1141 1915 1390 1976 Africanum.

254 2020 387 2098 Scripsit
421 2017 544 2092 κεστούς
554 2021 586 2099 1),
624 2024 678 2098 qui
715 2024 753 2082 ab
787 2023 923 2083 Eusebio
960 2023 992 2081 in
1030 2022 1128 2100 primo
1166 2020 1387 2080 Chronioorum

252 2124 331 2183 libro
344 2122 367 2203 2)
401 2123 583 2203 πραγματεία
617 2123 758 2204 ἰατρικῶν
790 2123 841 2184 καὶ
875 2128 1015 2199 φυσικῶν
1048 2121 1098 2183 καὶ
1133 2124 1302 2203 γεωργικῶν
1336 2118 1384 2179 καὶ

253 2227 386 2302 χυμικῶν
423 2230 628 2287 nominantur.
685 2228 763 2289 Pars
800 2248 906 2288 eorum
943 2218 1125 2288 conservate
1158 2232 1206 2285 est
1239 2226 1271 2282 in
1304 2224 1389 2284 libro

140 2408 143 2417 ὑ
252 2328 384 2404 quodam
416 2330 681 2407 aThevenotioi)
714 2331 807 2408 edito,
836 2330 1021 2409 Byzantinis
1048 2330 1171 2390 demum
1193 2326 1390 2404 temporibus

253 2433 418 2509 compilato
429 2433 470 2509 4);
492 2434 590 2493 multa
609 2441 734 2493 exstant
755 2433 787 2493 in
804 2433 1039 2513 Geoponicis⁵);
1063 2433 1163 2493 electa
1185 2429 1331 2506 leguntur
1352 2432 1384 2486 in

252 2534 415 2595 Michaelis
448 2535 545 2596 Pseu
576 2532 683 2596 uuouo
718 2533 785 2615 περὶ
821 2531 1001 2615 παραδόξων
1033 2521 1287 2621 ἀκουσμάτων(
1320 2539 1390 2600 να,

251 2637 382 2715 legimus
411 2659 437 2716 p
466 2641 534 2716 145,
556 2657 598 2701 21:
629 2632 811 2718 repererimus
838 2636 870 2698 δέ
892 2660 975 2709 τινας
998 2633 1142 2712 ὠφελείας
1164 2635 1224 2701 dud
1247 2638 1385 2720 χελώνης,

251 2734 312 2800 dud
345 2735 484 2819 ἄρκτείου
514 2740 643 2814 αἰδοίαν,
674 2740 704 2812 ἐξ
734 2735 829 2801 (iiiuc
852 2735 934 2825 ζῴων
956 2762 986 2800 τε
1010 2739 1059 2801 καὶ
1084 2746 1197 2821 θηρῶν.
1241 2744 1390 2805 Vidimus

250 2843 349 2921 igitur
368 2846 467 2922 pertis
483 2843 645 2906 Castorum
668 2852 883 2922 argumentum
907 2866 976 2905 cum
999 2853 1179 2925 argumento
1202 2849 1287 2909 tertii
1310 2849 1385 2908 libri

251 2947 409 3024 Anonymi
437 2932 528 3024 plane
558 2968 736 3024 congruere.
774 2948 828 3008 Sin
861 2956 963 3008 autem
993 2949 1177 3028 quaerimus,
1209 2972 1282 3010 num
1304 2953 1385 3011 veri-

252 3049 353 3108 simile
378 3049 419 3109 sit
441 3049 497 3110 has
520 3045 668 3130 σννταγὰς
691 3046 753 3111 dud
777 3046 859 3134 ζῴων
881 3052 913 3111 in
935 3052 1028 3113 tertio
1051 3053 1214 3113 Gestorum
1237 3055 1316 3113 libro
1339 3054 1383 3112 in·

251 3150 357 3228 fuisse,
373 3152 630 3212 considerandum
646 3155 740 3215 estid
757 3153 839 3230 quod
855 3153 893 3215 de
910 3154 1112 3232 dispositione
1135 3155 1236 3233 operis
1259 3159 1385 3217 scimus.

253 3252 382 3335 Constat
417 3254 471 3314 illa
508 3249 653 3335 γεωργικὰ
689 3250 862 3333 παράδοξα,
907 3276 986 3333 quae
1023 3257 1055 3315 in
1091 3256 1266 3334 Byzantina
1301 3279 1384 3320 com·

252 3355 401 3434 pilatione
416 3357 530 3436 insunt,
546 3368 633 3419 sexto
650 3367 682 3419 et
704 3359 835 3439 septimo
857 3360 938 3419 libro
961 3379 1029 3419 esse
1053 3367 1196 3419 enarrata
1210 3360 1240 3436 ⁷).
1271 3362 1387 3438 Itaque

255 3459 428 3519 averitate
459 3483 520 3522 non
550 3463 683 3522 alienum
704 3464 829 3523 videtur
851 3462 1022 3523 Eusebium
1044 3470 1260 3539 argumentum
1283 3464 1390 3542 operis-

254 3561 361 3621 ordine
390 3584 451 3639 quo
481 3565 659 3637 institutum
681 3572 748 3625 erat
772 3565 984 3644 descripsisse,
1006 3568 1052 3624 ita
1075 3574 1110 3625 ut
1134 3562 1251 3644 ἰατρικά
1274 3575 1305 3626 et
1328 3589 1387 3639 φυ-

341 3715 366 3781 1)
385 3713 441 3780 Qui
453 3714 488 3769 de
500 3714 553 3770 hoc
567 3731 647 3785 opere
664 3721 778 3786 egerunt
796 3732 890 3770 omnes
908 3715 1079 3769 enumeravit
1092 3715 1197 3782 Gelzer,
1209 3716 1356 3770 Africanus
1368 3714 1385 3768 I

254 3815 280 3867 p.
299 3799 324 3865 3,
342 3801 367 3852 4.

339 3885 365 3952 2)
382 3884 417 3938 ad
435 3902 499 3941 ann.
517 3886 586 3943 Abr.
604 3887 680 3943 2237.

339 3972 366 4038 3)
384 3970 498 4027 Veteres
517 3973 679 4028 Mathemat.
698 3973 805 4039 Graeci,
823 3973 885 4027 Par.
905 3972 980 4038 1693,
999 3990 1025 4042 p.
1043 3973 1094 4027 275
1113 3990 1153 4042 sq.

339 4056 366 4123 4)
384 4056 488 4117 Gelzer.
507 4075 534 4128 p.
555 4060 594 4113 13.
955 4060 981 4126 5)
997 4057 1063 4112 ibid.

340 4142 365 4209 6)
385 4141 429 4196 W.
442 4143 644 4211 Westermann,
657 4144 900 4214 Paradoxographi
915 4144 963 4199 Gr.
977 4161 1002 4213 p.
1019 4144 1068 4198 143
1087 4160 1143 4213 aq.;
1162 4144 1197 4197 cf.
1211 4140 1388 4200 Lambecius.

255 4224 409 4281 Commeat.
427 4227 461 4282 dc
478 4231 551 4300 Aug.
571 4230 642 4284 Bibl.
660 4230 781 4286 Vindob.
799 4231 913 4300 V11,p.
931 4230 982 4284 222
1002 4248 1042 4299 sq.

341 4312 366 4380 7)
384 4311 412 4367 J.
431 4313 526 4368 Brivin
544 4316 573 4368 in
590 4316 663 4370 notis
682 4316 717 4370 ad
735 4317 838 4381 Cestos,
856 4315 997 4370 Thevcnot
1014 4333 1041 4385 p.
1059 4316 1124 4381 3573
1143 4312 1250 4378 Gelzer,
1268 4329 1295 4382 p.
1309 4313 1350 4367 13.
