3254 4890
711 345 925 408 ..2ss-

254 531 378 610 Optime
395 523 525 610 'singula
547 533 687 611 exempla
709 530 820 599 afferre
842 532 954 610 potuit,
982 532 1072 610 quale
1094 552 1188 591 unum
1211 532 1385 591 luculenter

254 640 429 694 enarratum
450 635 633 712 invenimus,
656 654 839 711 quamquam
863 634 988 694 serioris
1011 638 1131 711 aetatis,
1154 636 1186 693 in
1201 634 1384 711 Phlegontis

253 736 336 796 Hist.
359 738 467 797 mirab.
490 758 515 799 c.
537 738 597 797 III.
642 737 704 797 Sed
731 736 865 797 fortasse
898 737 1084 797 censendum
1107 744 1155 797 est
1176 737 1384 815 Porphyrium

254 858 292 898 ex
316 838 376 899 alio
399 840 577 905 Artemonis
600 860 692 918 opere
715 839 866 919 hausisse,
889 840 971 916 quod
996 839 1105 900 dubito
1128 861 1169 899 an
1191 860 1251 900 non
1275 840 1314 899 ad
1337 844 1384 898 tot

253 940 403 1002 librorum
429 962 507 1021 opus
530 943 699 1021 respiciens
722 942 890 1002 scholiasta
911 934 953 1001 ’ἒν
975 932 1106 1025 τῷ“περλ
1129 936 1258 1022 ὀνείρων’
1281 941 1385 1002 dicere

254 1047 399 1120 potuerit.

340 1146 388 1206 De
419 1147 628 1208 Demetrio
658 1148 860 1209 Phalereo
889 1147 1034 1208 Laertius
1064 1148 1220 1226 Diogenes
1245 1146 1284 1205 76
1307 1147 1386 1205 haec

255 1256 376 1308 narrat:
406 1248 515 1331 λέγεται
545 1247 577 1309 δὲ
607 1244 798 1325 ἀποβαλόντα
829 1244 921 1310 αὐτὰν
947 1243 1000 1320 ταὶς
1022 1242 1109 1323 ὄψεις
1132 1247 1164 1309 ἕν
1185 1242 1386 1331 Ἀλεξανδρείᾳ

255 1350 440 1424 κομίσασθαι
470 1340 562 1423 αὖθις
593 1347 675 1433 παραὶ
704 1356 759 1413 τοῦ
780 1347 964 1431 Σαράπιδος,
996 1347 1068 1412 ὅθεν
1090 1349 1141 1412 καὶ
1164 1346 1236 1421 τούς
1256 1353 1386 1421 παιᾶνας

255 1447 326 1523 τούς
359 1452 443 1532 μέχρι
472 1458 527 1514 νῦν
560 1449 735 1538 ᾀδομένους.
788 1455 982 1532 Quamquam
1013 1454 1151 1515 fabulam
1183 1458 1283 1533 ipsam
1316 1474 1386 1515 oum

256 1556 441 1618 Susemihlio
452 1558 475 1634 1)
506 1559 608 1637 reicio,
641 1566 745 1620 tamen
772 1559 805 1618 in
835 1559 1013 1618 narratione
1041 1557 1160 1633 aliquid
1188 1558 1256 1619 veri
1283 1559 1387 1619 inesse

256 1679 348 1735 posse
377 1668 470 1738 puto:
502 1661 635 1723 fortasse
664 1662 842 1722 Demetrius
872 1662 1008 1722 carmina
1037 1660 1077 1720 ad
1099 1660 1279 1740 Serapidem
1308 1661 1386 1721 cele-

256 1761 410 1822 brandum
429 1767 610 1843 composuit,
633 1765 746 1841 quibus
769 1786 847 1842 quae
869 1765 1114 1843 perhibebantur
1135 1763 1300 1842 posteriori
1322 1763 1386 1823 cui·

258 1864 329 1924 dam
351 1866 468 1927 homini
489 1867 724 1928 fundamentum
743 1869 954 1946 praebuerunt
976 1867 1016 1927 ad
1037 1861 1134 1928 libros
1151 1866 1228 1927 illos
1251 1868 1388 1944 quinque

257 1968 504 2031 conscribendos.
1089 1956 1091 1960 Ι

343 2071 591 2151 Serapionis
617 2094 729 2133 nomen
751 2082 835 2134 certo
859 2074 987 2134 consilio
1010 2072 1194 2151 inscriptum
1216 2093 1285 2134 esse
1306 2073 1387 2133 libro

258 2172 390 2253 videtur,
420 2183 456 2235 ut
484 2176 544 2235 iarn
569 2175 652 2236 Oder
675 2176 839 2237 adnotavit
848 2178 880 2253 λ).
924 2176 1024 2236 Simili
1046 2173 1136 2236 modo
1159 2179 1283 2236 nomina
1306 2176 1390 2236 clara

257 2274 347 2336 libris
365 2279 601 2340 commenticiis
632 2279 784 2357 inscripta
805 2287 887 2358 sunt,
916 2286 952 2339 ut
973 2278 1201 2358 Epimenidisss)
1222 2279 1302 2340 libro
1326 2278 1389 2339 cui-

258 2376 329 2437 dam
353 2379 391 2440 de
408 2382 549 2460 oraculis,
564 2382 770 2460 Melampodis
778 2383 802 2458 4)
814 2382 908 2443 libris
931 2379 998 2460 περὶ
1020 2374 1151 2460 τεράτων
1173 2379 1223 2441 καλ
1246 2382 1385 2457 σημείων,

259 2480 326 2560 περὶ
342 2486 477 2559 παλμῶν,
493 2482 561 2564 περὶ
580 2482 693 2558 ἐλαιῶν,
707 2486 948 2565 Astrampsychi
968 2482 1160 2545 oraculorum
1180 2485 1358 2546 collectioni
1367 2483 1391 2561 5)

260 2590 292 2643 et
321 2583 402 2645 libro
433 2587 671 2664 onirocriuoob.
716 2587 778 2649 Sed
806 2589 905 2666 magis
929 2592 1023 2648 etiam
1045 2588 1106 2647 huc
1128 2586 1297 2649 revocandi
1319 2593 1393 2647 sunt

259 2686 428 2765 scriptores
455 2690 572 2768 arctici,
596 2693 649 2769 qui
670 2711 820 2768 persaepe
842 2691 967 2751 nomina
989 2710 1006 2751 e
1027 2691 1177 2751 librorum
1199 2692 1392 2768 argumentis

260 2788 322 2849 sibi
344 2789 514 2869 finxerunt;
537 2794 726 2854 Heliodorus
746 2794 799 2870 qui
814 2789 989 2854 Αἰθιοπικά
1010 2793 1144 2872 scripsit,
1167 2814 1205 2854 ex
1227 2792 1404 2871 Rohdei7),¹

260 2899 296 2950 ut
317 2893 394 2953 mihi
412 2896 545 2975 videtur,
568 2897 741 2958 rectissima
763 2897 949 2974 coniectura,
971 2916 1082 2957 nomen
1105 2896 1143 2956 de
1159 2895 1230 2956 Sole
1252 2898 1392 2973 sumpsit,

262 2994 370 3055 eodem
400 2998 490 3059 modo
518 3005 554 3059 ut
570 3001 718 3078 ιΧαρίτων
741 2993 759 3060 o‘
781 2993 996 3077 Ἀφροδισιεύς
1026 3008 1058 3060 et
1088 2999 1128 3058 ad
1151 2999 1275 3060 Gratias
1298 3004 1330 3058 et
1351 2996 1393 3055 ad

262 3096 415 3159 Venerem
445 3110 588 3179 spectare
606 3103 782 3179 vvideturfl).
826 3103 915 3163 Talia
945 3102 1046 3162 omnia
1077 3103 1117 3161 ad
1145 3109 1286 3180 tempora
1315 3098 1394 3159 satis

192 3280 200 3287 .
261 3204 399 3261 recentia
420 3202 585 3264 referenda
607 3213 688 3265 sunt.
730 3200 731 3203 ’

348 3304 396 3365 De
420 3306 585 3367 Gemino
607 3307 686 3367 nihil
708 3316 815 3368 notum
838 3315 895 3370 est.

349 3407 408 3468 His
439 3409 643 3488 scriptoribus
674 3409 880 3472 adserendum
902 3429 970 3470 esse
991 3417 1068 3487 puto
1090 3408 1294 3468 Phoebum
1316 3408 1393 3466 An·

262 3508 516 3591 tiochenum,
548 3512 663 3592 quippe
686 3514 739 3590 qui
761 3514 868 3574 eodem
891 3512 981 3572 modo
1004 3519 1098 3587 atque
1120 3511 1248 3571 Artemo
1270 3510 1395 3588 singula

263 3614 382 3674 somnia
411 3615 603 3677 enarraverit
612 3617 636 3695 9)
667 3622 699 3676 et
729 3616 767 3676 de
791 3616 857 3677 viso
880 3617 975 3676 verba
997 3613 1162 3692 fecerit10),
1185 3632 1301 3689 quare
1323 3633 1394 3691 pro-

352 3836 377 3903 1)
396 3834 502 3891 Susam.
521 3854 547 3906 p.
566 3837 626 3903 875,
648 3852 703 3891 iar.
910 3834 937 3899 2)
956 3853 983 3905 p.
1000 3834 1060 3901 876,
1080 3851 1138 3890 raa.

350 3921 377 3988 3)
396 3919 431 3976 G.
450 3921 546 3988 Wolff,
564 3922 699 3993 Porphyr.
717 3921 752 3976 de
769 3920 867 3992 philos.
886 3938 920 3976 ex
937 3918 1054 3975 oraculis
1071 3917 1232 3984 haurienda,
1249 3936 1276 3988 p.
1294 3917 1336 3972 52.

350 4007 377 4073 4)
395 4005 430 4061 ci.
448 4023 470 4061 s.
488 4006 555 4078 Cap.
574 4006 606 4062 ΙΙ
626 4010 641 4077 ᾗ
659 4009 690 4074 5;
712 4008 748 4062 cf.
765 4005 966 4072 Krumbuoher,
990 4005 1057 4075 Byz.
1075 4004 1143 4059 Litt.
1161 4004 1179 4071 ²,
1203 4022 1230 4074 p.
1249 4004 1307 4069 630,
1325 4002 1350 4067 8,
1370 4017 1394 4056 1.

351 4093 378 4157 5)
396 4091 462 4147 ibid.
480 4111 507 4163 p.
526 4093 584 4149 628.
912 4093 938 4161 6)
953 4091 1020 4146 ibid.
1038 4108 1065 4161 p.
1083 4090 1142 4145 629.

351 4178 377 4242 7)
395 4176 444 4233 Gr.
462 4179 580 4245 Roman,
598 4197 624 4250 p.
642 4180 702 4235 444.
908 4178 936 4247 8)
954 4176 1021 4232 ibid.
1039 4195 1066 4247 p.
1084 4176 1143 4232 489.

350 4262 377 4330 9)
395 4264 501 4320 Artem.
519 4265 565 4320 IV
581 4266 616 4320 48
633 4267 670 4335 (p.
688 4265 749 4330 230,
769 4270 820 4333 aa),
838 4263 890 4330 IV,
909 4262 942 4318 66
960 4276 997 4333 lp.
1014 4261 1075 4328 242,
1095 4266 1146 4330 ar).

335 4349 378 4416 10)
396 4350 456 4405 Art.
475 4352 499 4418 Ι,
516 4351 532 4405 2
549 4354 585 4422 (p.
604 4354 629 4418 5,
650 4354 700 4417 rs).
