3254 4890
710 277 921 342 -17-

337 465 588 545 Melampodi
610 466 756 527 subditus
779 474 826 525 est
847 465 927 526 liber
949 463 1019 544 περὶ
1041 464 1171 545 τεράτων
1186 462 1238 525 καὶ
1253 466 1389 542 σημείων.

252 568 372 628 Horum
394 569 559 628 verborum
581 567 827 646 significationes
842 569 1030 629 Laurentius
1045 569 1155 646 Lydus
1165 567 1189 648 1)
1205 569 1251 628 ita
1266 567 1387 629 definit:

253 669 284 730 ci
306 673 365 729 τῶν
379 662 532 749 Ἐβραίων
547 668 642 751 λόγιοι
657 666 709 730 τάν
725 669 793 748 περὶ
809 666 1007 750 προγνώσεως
1029 666 1119 750 λόγον
1142 670 1209 754 διχῇ
1231 669 1388 748 τέμνουσιν

253 771 295 843 εἰς
317 777 424 850 σημεῖα
445 771 496 833 καὶ
517 770 642 852 τέρατα·
669 772 722 833 καὶ
744 779 850 850 σημεῖα
872 771 925 850 μὲν
948 766 1024 834 εἶναι
1045 769 1204 851 βούλονται
1226 767 1263 832 τά
1286 771 1317 832 ἒν
1333 792 1388 850 με·

254 869 375 954 racipere
389 869 596 952 συνιστάμενα,
612 874 718 955 τέρατα
734 873 766 935 δὲ
788 871 824 935 τά
848 874 896 936 ἐπὶ
919 879 974 956 γῆς
998 869 1039 946 ῶς
1060 869 1142 955 παρά
1165 869 1258 950 φύσιν
1281 871 1387 950 φαινό-

253 998 333 1054 μενα.
365 979 554 1039 Etiamnunc
570 987 694 1040 exstant
709 979 915 1058 Melampodis
930 980 1030 1040 libelli
1045 977 1113 1057 περὶ
1129 981 1254 1053 παλμῶν
1269 986 1301 1039 et
1316 977 1386 1055 περὶ

253 1078 356 1140 ἐλαιῶν
367 1081 400 1162 2),
431 1082 484 1158 qui
509 1102 583 1141 num
607 1082 706 1142 eidem
730 1088 824 1157 atque
847 1081 901 1142 ille
923 1083 1004 1142 liber
1027 1082 1171 1158 scriptori
1194 1082 1386 1142 attribuendi

249 1183 313 1243 sint
328 1183 466 1243 dubitari
482 1188 593 1260 potest.
624 1184 741 1243 Tamen
757 1191 789 1242 et
803 1183 883 1243 libro
900 1182 967 1260 περὶ
985 1186 1110 1257 παλμῶν
1132 1190 1164 1242 et
1186 1182 1254 1261 περὶ
1277 1183 1385 1243 ἐλαιῶν

249 1286 354 1362 aliqua
380 1285 552 1345 similitudo
575 1294 624 1346 est
647 1307 716 1346 cum
740 1287 785 1346 eis
807 1287 998 1346 Artemidori
1021 1287 1185 1364 capitibus,
1208 1290 1321 1364 quibus
1344 1288 1383 1348 de

248 1387 380 1464 singulis
411 1388 549 1464 corporis
578 1388 704 1447 humani
734 1389 880 1448 membris
910 1390 1007 1448 verba
1039 1387 1124 1448 facit.
1177 1390 1265 1449 Unus
1295 1391 1382 1450 locus

247 1490 451 1571 Artemidori,
474 1510 543 1549 cum
574 1492 770 1569 Melampode
803 1492 894 1570 plane
929 1492 1090 1568 consentit,
1123 1492 1190 1551 Art.
1220 1513 1248 1569 p.
1281 1496 1332 1570 40,
1354 1512 1381 1554 7:

250 1594 407 1668 σημαίνειν
429 1586 485 1671 γάρ
508 1591 567 1669 ἔφη
590 1588 644 1669 την
667 1590 720 1670 μὲν
746 1588 843 1665 δεξιάν
873 1597 955 1672 χεῖμα
985 1587 1020 1651 τά
1049 1588 1236 1673 κομιζόμενα,
1266 1590 1319 1671 τήν
1351 1590 1383 1654 δὲ

249 1687 403 1769 εάιάνυμον
432 1688 468 1753 τά
498 1694 709 1774 πεπομισμὲνα.
733 1689 753 1773 ἡ
776 1693 829 1773 μὲν
852 1691 908 1776 γάρ
931 1690 1008 1774 πρός
1031 1691 1063 1755 τά
1087 1696 1188 1773 λαβεῖν
1211 1695 1338 1775 ἕτοιμος,
1362 1688 1382 1775 ἦ

247 1793 278 1858 δὲ
301 1795 417 1873 ἕτοιμος
439 1793 515 1877 πρός
539 1794 572 1857 τό
595 1793 929 1877 φυλάξαιτὲΜοΙοιιιμ.
951 1800 991 1860 de
1014 1801 1096 1878 palp.
1118 1800 1226 1877 Franz,
1249 1820 1279 1878 p.
1301 1801 1379 1858 479:

244 1898 307 1978 χεὶρ
330 1894 412 1972 δεξιά
435 1893 580 1978 άλλομένη
604 1895 748 1976 ἀφέλειαν
777 1902 919 1978 σημαίνει,
964 1896 984 1977 ἡ
1015 1899 1046 1961 δὲ
1076 1897 1232 1977 εὐώνυμος
1256 1902 1380 1972 πίστεως
1439 1968 1441 1974 ‚

246 1996 386 2078 φυλακην
408 2002 501 2079 δηλοῖ,
545 2005 627 2064 Num
655 2004 830 2083 Melampus
860 2007 899 2065 de
930 2005 1058 2065 somniis
1088 2023 1210 2081 quoquo
1233 2004 1339 2082 egerit,
1363 2023 1379 2063 e

244 2104 367 2183 Synesii
396 2105 500 2166 verbis
531 2116 615 2166 certe
645 2109 790 2185 cognosci
819 2128 883 2166 non
912 2115 1034 2186 potest;
1067 2108 1179 2167 saltem
1200 2107 1275 2166 talis
1297 2106 1379 2166 liber

243 2208 440 2269 Artemidoro
464 2228 525 2267 non
547 2209 692 2270 innotuit.

330 2328 416 2400 Quae
454 2338 622 2388 narrantur
660 2330 698 2389 do
735 2330 982 2407 Phemonoe,
1019 2329 1133 2408 partim
1170 2350 1208 2390 ex
1245 2329 1377 2389 historia

240 2429 375 2491 fabulari
406 2431 571 2509 desumpta
600 2442 682 2492 sunt.
728 2432 858 2491 Librum
888 2433 954 2493 eius
984 2432 1102 2510 primus
1124 2432 1245 2492 Plinius
1276 2429 1375 2509 affert,

242 2533 294 2609 qui
317 2533 442 2594 videtur
470 2553 509 2592 ex
530 2535 722 2595 Philemonis
752 2555 845 2613 opere
869 2535 1011 2595 hausisse
1022 2536 1053 2611 3).
1097 2535 1272 2609 Phemonoe
1295 2542 1376 2593 trac·

241 2634 322 2694 tavit
344 2635 569 2696 divinationem
602 2658 639 2697 ex
663 2638 767 2697 avium
789 2637 904 2715 volatu,
928 2658 945 2696 e
967 2637 1232 2716 palpitationibus,
1256 2656 1272 2695 e
1295 2656 1374 2696 som·

239 2736 308 2795 niis.
346 2736 458 2813 Itaque
480 2746 516 2798 ut
531 2738 744 2816 Philochorus,
767 2740 960 2819 Apollonius,
983 2741 1156 2816 Melampus
1180 2738 1218 2797 de
1242 2737 1374 2798 diversis

241 2837 401 2899 divinandi
417 2842 582 2917 generibus
599 2842 671 2918 egit.
704 2842 814 2902 Omnia
829 2846 949 2903 ratione
965 2842 1098 2918 quadam
1121 2840 1373 2918 philosophorum

239 2949 328 3001 erant
350 2950 485 3003 tractata
495 2944 529 3023 ⁴¹).

237 3080 441 3090 -———

236 3159 364 3232 ἀφορίζειν
388 3165 434 3218 καὶ
460 3163 652 3232 διατάττεσθαι,
676 3163 821 3231 πυθώμεθα
845 3161 938 3228 αὐτῶν,
965 3165 988 3217 εἰ
1010 3158 1087 3231 φάσιν
1113 3162 1166 3233 ἔχει
1183 3163 1228 3216 καλ
1245 3158 1274 3216 ti
1294 3158 1373 3228 dehis

236 3250 281 3302 καλ
303 3249 332 3304 τό
358 3248 510 3320 διάστροφον
533 3249 672 3317 κάτοπτρον
696 3250 756 3304 τότε
775 3250 803 3313 ἐξ
821 3247 943 3317 ἀνομοίων
963 3244 1039 3314 ἀλῶν,
1058 3244 1143 3316 όμοιον
1161 3245 1310 3302 ἀποδιδόναι
1327 3247 1373 3300 τοῦ

235 3336 396 3402 δεικνυμένου
410 3332 439 3390 τά
458 3338 570 3391 εἴδωλον.
594 3331 649 3388 ἀλλ’
661 3335 753 3389 ἐκεῖνοί
770 3353 800 3402 γε
819 3332 879 3389 οὐδὲ
897 3333 942 3399 την
961 3332 1042 3403 ἀρχὴν
1060 3331 1131 3401 οἶμαι
1148 3332 1373 3399 πεφιλοσοφήκασί

235 3434 259 3469 τι
276 3420 334 3484 περὶ
352 3423 396 3473 τοῦ
421 3420 571 3489 πνεύματος.
596 3419 625 3474 τό
644 3416 760 3475 δὀἰκεῖον
779 3416 851 3486 αὐτῷ
870 3414 1020 3482 bructeri
1038 3418 1102 3488 ἔχον,
1121 3415 1238 3472 ἀπάντων
1256 3413 1371 3483 ἠξίωσαν

235 3499 296 3555 εἶναι
313 3503 406 3558 κανόνα
424 3506 468 3558 καὶ
486 3504 611 3573 γνώμονα.
645 3503 734 3558 Addit
751 3503 926 3573 Nicephorus
944 3503 1092 3558 scholiasta
1108 3520 1136 3573 p.
1153 3503 1217 3557 419:
1238 3500 1369 3567 όΜελάμ-

234 3605 296 3646 πους
313 3587 450 3655 Αἰγύπτιος
467 3579 499 3657 η’ν
517 3590 737 3658 ἱερογραμματεὺς
755 3590 799 3643 καλ
816 3589 968 3657 ἱεροφάντης
986 3592 1030 3642 καὶ
1049 3588 1138 3653 μάντις
1154 3581 1266 3653 ἀριστος.
1297 3577 1370 3645 οὗτος

234 3670 369 3740 ἐξέδωκεν,
393 3671 429 3734 ῶς
454 3676 528 3741 φασὶ,
551 3677 596 3730 καὶ
617 3676 650 3730 τά
671 3676 695 3729 ἐν
713 3676 838 3744 Αἰγύπτῳ
856 3674 913 3740 ἱερὰ
931 3670 1132 3741 τοῖςἝλληιιιν,
1149 3671 1186 3734 ῶς
1204 3672 1370 3740 μιμήσασθαι

233 3756 278 3813 καὶ
301 3756 468 3824 ἐπιτηδεῦσαι
491 3760 536 3813 καλ
561 3758 655 3822 circi<
679 3761 707 3824 ἐξ
725 3760 821 3815 ἐκείνου
839 3763 928 3815 ταῦτα.
956 3758 975 3826 η’
994 3759 1023 3814 δὲ
1041 3757 1168 3826 Φημονόη
1187 3759 1318 3825 receptu:
1336 3746 1368 3827 ἦν

232 3843 277 3896 τοῦ
295 3838 463 3910 Ἀπόλλωνος,
482 3845 629 3913 ἑξαμέτροις
646 3849 768 3917 χρωμένη
787 3854 922 3918 χρησμοῖς.

320 3929 345 3992 1)
361 3926 423 3983 Lib.
441 3929 476 3984 de
492 3935 591 3985 ostent.
610 3931 652 3987 ed.
671 3932 701 3988 O.
720 3932 919 3989 Wachsmuth²
935 3948 963 4001 p.
982 3934 1005 3984 1.

317 4012 345 4081 2)
362 4013 585 4085 Physiognomici
602 4019 749 4088 scriptores
767 4024 871 4073 veteres
889 4018 931 4072 ed.
950 4016 1049 4080 Franz,
1067 4033 1094 4086 p.
1112 4016 1163 4070 449
1181 4031 1221 4085 sq.

317 4101 344 4169 3)
360 4099 406 4156 Sic
428 4102 544 4157 coniecit
561 4102 601 4157 H.
619 4105 723 4171 Braun,
746 4104 781 4158 de
797 4108 942 4157 auctorum
960 4099 1098 4155 indicibus
1116 4098 1259 4165 Plinianis‚
1276 4099 1365 4152 Bonn.
1475 4120 1478 4127 ⁴

232 4184 352 4339 1856‚41;·
361 4187 491 4328 cii-Odor
509 4273 583 4343 apud
602 4273 809 4342 Susemihlium,
828 4292 855 4345 p.
873 4274 934 4329 300.
973 4302 976 4308 ·

1177 4374 1194 4426 2
