3254 4890
706 287 916 350 .-22„

248 473 387 535 lantibus
417 472 520 534 factae
550 473 667 555 sunt1).
711 474 798 533 Inter
827 476 946 534 somnia
976 480 1079 534 autem
1108 474 1169 533 tria
1183 482 1272 553 sunt,
1302 497 1381 554 quae

138 632 140 637 ⁴
250 598 377 657 prorsus
407 576 499 637 aliam
529 578 663 653 speeiem
695 596 768 656 prae
797 596 831 637 se
860 575 979 636 ferunt:
1014 574 1044 657 1)
1074 577 1135 637 duo
1160 577 1284 654 generis
1307 580 1380 639 alle-

251 680 349 758 gerici
360 678 392 760 2),
423 679 501 757 Eph.
522 680 613 739 ‘1883
643 701 672 765 p.
695 680 766 757 215,
796 698 842 741 104.
863 698 917 756 2113
951 678 984 761 2)
1014 700 1109 739 unum
1139 681 1261 757 generis
1294 682 1380 741 theo-

250 783 399 860 rematici,
422 782 501 861 Eph.
526 782 616 861 1885,
646 804 676 861 p.
702 784 748 861 15,
771 802 804 844 19.
848 783 934 843 Haec
963 783 1081 842 somnia
1111 803 1129 843 a
1156 788 1267 844 ceteris
1289 786 1382 845 valde

252 885 420 945 abhorrent
450 891 482 945 et
510 886 680 964 posteriore
702 886 826 945 demum
849 890 951 946 aetate
974 885 1113 946 crebrius
1133 885 1337 947 inveniuntur
1347 878 1396 967 3).’

253 986 330 1047 (lum
359 995 463 1048 autem
492 987 647 1070 Zacher4)
676 989 882 1069 probabiliter
903 991 1082 1066 exposuerit
1104 989 1228 1050 tabulas
1252 990 1382 1050 alteram

252 1090 462 1151 recensionem
489 1089 726 1168 inscriptionum
748 1091 786 1152 V.
819 1090 884 1151 fere
913 1091 1030 1150 saeculi
1060 1110 1188 1167 eamque
1214 1102 1381 1153 commuta·

252 1191 351 1274 tam⁶)
386 1193 540 1272 exhibere,
577 1194 653 1253 mihi
686 1194 810 1272 quidem
843 1193 1011 1254 verisimile
1045 1214 1113 1254 esse
1146 1194 1271 1255 videtur
1304 1196 1382 1257 haec

253 1300 371 1356 somnia
401 1296 435 1355 in
458 1296 554 1356 altera
577 1296 699 1356 demum
721 1296 899 1357 recensione
922 1296 1044 1356 adiecta
1067 1316 1143 1375 esse,
1165 1297 1198 1356 id
1221 1298 1303 1375 quod
1325 1318 1382 1376 per

253 1419 287 1460 se
309 1397 471 1477 probabile
494 1405 550 1459 est.
593 1398 673 1459 Nam
695 1399 902 1478 Aesculapius
933 1399 1160 1476 antiquioribus
1189 1400 1383 1479 temporibus

253 1521 376 1579 semper
407 1501 579 1562 medicinae
613 1502 690 1562 deus
721 1508 850 1580 putatus
872 1508 945 1581 est,
975 1523 1036 1562 non
1067 1503 1285 1580 divinationis;
1314 1504 1382 1582 ipse

253 1586 345 1667 vivus
377 1604 554 1665 hominibus
568 1634 572 1642 .
587 1604 770 1665 medebatur
803 1605 947 1682 idemque
979 1604 1156 1666 Podalirius
1190 1615 1221 1666 et
1250 1607 1382 1667 Machao

254 1710 411 1794 ceterique
441 1708 647 1785 Asclepiadae
677 1707 836 1787 faciebant
846 1707 880 1790 ⁶).
923 1709 970 1768 Ea
999 1715 1102 1770 autem
1132 1717 1272 1770 veterum
1287 1712 1382 1770 testi·

253 1811 366 1888 monia,
396 1830 475 1887 quae
497 1809 644 1892 Rohdel)
676 1818 783 1872 contra
813 1811 911 1890 affert,
943 1811 982 1871 ad
1004 1811 1190 1873 sententiam
1213 1814 1280 1872 eius
1303 1832 1383 1873 oom-

254 1913 444 1993 probandam
474 1934 535 1974 non
565 1914 636 1993 plus
666 1914 772 1974 valent
799 1935 894 1995 ,quam
923 1915 1073 1976 Aristidis
1096 1916 1242 1993 permulti
1264 1914 1293 1974 ei
1314 1915 1383 1993 loci,

247 2014 368 2094 ‚quibus
395 2017 471 2077 deus
501 2036 551 2076 res
582 2015 703 2097 futuras
734 2016 774 2077 ad
804 2018 943 2078 morbum
967 2019 1098 2091 oratoris
1120 2038 1182 2077 non
1204 2023 1383 2097 spectantes

255 2119 462 2199 praenuntiat

307 2254 310 2259 ⁴
342 2239 525 2311 Quaerimus
539 2259 630 2318 nunc,
645 2238 727 2301 unde
742 2241 819 2300 haec
835 2240 998 2301 dissimilia
1016 2245 1049 2300 in
1071 2241 1190 2301 somnia
1212 2241 1252 2300 ab
1268 2241 1385 2301 Aescu·

254 2343 339 2421 lapio
366 2340 440 2402 data
462 2340 649 2402 influxerint.
693 2343 792 2402 Erant
814 2343 875 2404 alia
897 2344 1030 2421 oracula,
1059 2343 1114 2403 ubi
1136 2345 1256 2420 aegroti
1278 2363 1385 2420 quam-

256 2466 348 2523 quam
378 2445 507 2509 consilia
532 2445 572 2504 ad
594 2446 717 2505 morbos
740 2446 894 2523 sanandos
917 2445 1120 2525 accipiebant,
1143 2453 1248 2506 tamen
1269 2465 1331 2506 non
1354 2445 1386 2504 in

256 2548 424 2610 incubandi
457 2547 524 2626 ipso
557 2554 695 2625 tempore
728 2549 935 2627 sanabantur,
967 2555 1004 2608 ut
1036 2547 1221 2626 Amphiarai
1254 2544 1388 2625 Dionysi

256 2651 399 2712 Plutonis
409 2650 443 2730 8).
496 2650 547 2710 Ibi
582 2650 644 2710 iam
675 2670 741 2711 mos
773 2658 847 2728 erat,
879 2658 914 2710 ut
946 2651 1025 2710 alius
1059 2640 1114 2729 pro
1147 2650 1206 2710 alio
1239 2650 1388 2710 incubare

256 2762 370 2834 posset,
389 2754 476 2814 euius
492 2752 538 2813 rei
552 2752 584 2812 in
600 2752 797 2831 Epidauricis
819 2753 1073 2832 inscriptionibus
1096 2774 1190 2813 unum
1213 2754 1388 2830 exemplum

257 2857 339 2917 inest
348 2858 381 2934 9).
426 2856 516 2928 Quod
545 2872 614 2916 cum
644 2856 713 2916 fieri
741 2876 803 2939 non
833 2857 979 2936 potuerit,
1005 2860 1032 2917 si
1054 2857 1242 2934 somniantes
1266 2856 1305 2929 ab
1328 2855 1387 2915 As·

259 2958 408 3037 clepiadis
430 2958 507 3037 ipsis
530 2960 728 3043 sanabantur,
751 2960 827 3020 haec
850 2981 970 3038 quoque
993 2964 1129 3020 narratio
1153 2960 1243 3019 alteri
1265 2958 1388 3017 demum

258 3060 431 3122 recensioni
459 3061 644 3122 ascribenda
673 3064 740 3122 erit.
784 3062 934 3124 Videmus
963 3062 1060 3141 igitur
1089 3082 1126 3121 ea
1150 3060 1277 3139 somnia,
1309 3079 1389 3136 quae

260 3165 299 3225 ab
324 3164 516 3233 oraculorum
538 3164 604 3245 deis
627 3164 839 3244 mittebantur,
854 3165 936 3226 inter
950 3164 988 3225 V.
1004 3174 1036 3225 et
1050 3164 1109 3224 ΙΠ.
1133 3184 1159 3223 a.
1176 3152 1248 3222 Chr.
1270 3183 1298 3222 n.
1321 3181 1388 3222 sae-

259 3268 330 3337 cula
360 3270 393 3327 in
426 3266 558 3327 somnia
576 3267 614 3347 ab
637 3267 825 3345 Aesculapio
857 3267 929 3328 data
959 3267 1121 3346 irrepsisse
1152 3285 1249 3341 eaque
1279 3271 1389 3342 postea

258 3438 260 3442 ἱ
348 3455 373 3521 1)
391 3451 477 3518 Diels,
500 3450 605 3506 Antike
621 3451 809 3518 Heilwunder,
835 3452 914 3506 Nord
931 3450 990 3505 und
1010 3448 1077 3515 Siid,
1095 3448 1146 3503 Bd.
1165 3451 1208 3517 43,
1226 3467 1252 3520 p.
1271 3448 1390 3514 28-43;
1424 3508 1427 3513 ‚

259 3557 287 3611 p.
306 3537 419 3605 aaNo.
439 3536 795 3607 mandatarius.

282 3653 283 3656 =
347 3623 374 3692 2)
392 3623 497 3677 Artem.
515 3622 539 3690 I,
556 3622 582 3677 2.
737 3624 764 3691 3)
782 3623 886 3678 Zacher
901 3623 920 3679 l
938 3640 962 3677 a.
1116 3624 1144 3691 4)
1162 3639 1189 3692 p.
1208 3621 1257 3676 467
1276 3638 1315 3691 sq.

348 3710 374 3768 5)
384 3707 428 3773 ,ad
440 3707 514 3780 quod
531 3709 653 3763 maxime
664 3708 787 3763 conferas
799 3726 869 3779 quae
880 3708 983 3763 Zacher
995 3706 1029 3762 de
1040 3707 1156 3778 Hippye
1167 3707 1283 3777 protulit
1295 3710 1391 3760 contra

261 3794 514 3861 Wilamcwitnium,
538 3795 596 3865 qui'
609 3794 706 3849 Herm.
724 3794 808 3860 XIX,
831 3795 882 3850 452
900 3812 940 3865 sq.
964 3793 999 3848 de
1015 3794 1138 3863 inscript
1155 3791 1236 3863 Epid.
1254 3788 1397 3846 disseruit

349 3881 375 3949 6)
394 3880 437 3935 De
454 3879 624 3951 Asclepiadis
648 3879 684 3935 ei.
706 3880 736 3934 in
758 3880 916 3935 universum
937 3879 1029 3934 Ritter
1053 3895 1106 3934 von
1130 3877 1309 3943 Rittershain,
1334 3877 1392 3931 Der

263 3964 456 4020 medicinische
478 3965 702 4036 Wunderglaube
727 3964 785 4020 und
811 3965 856 4022 die
873 3965 1039 4021 Incubation
1065 3965 1104 4018 im
1126 3963 1294 4030 Alterthum,
1316 3961 1391 4028 1879,

263 4067 290 4121 p.
309 4051 342 4105 49
360 4069 400 4121 sq.
435 4051 533 4121 Neque
550 4051 722 4106 sacerdotum
737 4051 894 4122 Aesculapii
913 4056 972 4106 erat
989 4050 1085 4105 futura
1100 4050 1286 4121 pronuntiare,
1304 4065 1331 4118 p.
1349 4047 1391 4101 54.

350 4139 376 4204 7)
394 4135 509 4205 Psyche,
527 4135 550 4203 Ι,
568 4154 595 4207 p.
615 4139 663 4191 141
671 4138 688 4191 ².

350 4221 377 4290 8)
396 4221 529 4289 Welcker,
546 4222 594 4277 Kl.
613 4222 751 4277 Schriften
769 4222 826 4289 ΙΙΙ,
842 4240 869 4293 p.
888 4223 930 4287 93,
948 4223 990 4277 94.

350 4308 377 4374 9)
395 4305 466 4377 Eph.
486 4308 561 4374 1885,
577 4326 605 4379 p.
625 4310 666 4373 15,
686 4326 697 4363 1
717 4325 757 4379 sq.
862 4336 864 4340 ·
